% My references.

@article{SBH,
  title={Boundary control for the heat equation with steady-state targets},
  author={Schmidt, EJP Geo
  journal={SIAM Journal on Control and Optimization},
  volume={18},
  number={2},
  pages={145--154},
  year={1980},
  publisher={SIAM}
}

@article{RCS,
  title={Controllability and stabilizability theory for linear partial differential
  equations: recent progress and open questions},
  author={Russell, David L},
  journal={Siam Review},
  volume={20},
  }

@article{SAS,
  title={Case studies on the application of the stable manifold approach for nonlinear
  optimal control design},
  author={Sakamoto, Noboru},
  journal={Automatica},
  volume={49},
  number={2},
  pages={568--576},
  year={2013},
  publisher={Elsevier}
}
  number={4},
  pages={639--739},
  year={1978},
  publisher={SIAM}
}

@book{CNL,
  title={Control and Nonlinearity},
  author={Coron, J.M.},
  isbn={9780821836682},
  lccn={2006048031},
  series={Mathematical surveys and monographs},
  url={https://books.google.es/books?id=aEKv1bpcrKQC},
  year={2007},
  publisher={American Mathematical Society}
  %filename:"Coron-book.pdf"
}

@book{LIO,
  title={Optimal Control of Systems Governed by Partial Differential Equations},
  author={Mitter, S.K. and Lions, J.L.},
  isbn={9783540051152},
  lccn={lc78113638},
  series={Grundlehren der mathematischen Wissenschaften},
  url={https://books.google.it/books?id=KDlhRQAACAAJ},
  year={1971},
  publisher={Springer Berlin Heidelberg}
  %filename:"Jacques Louis Lions-Optimal Control of Systems Governed by Partial Differential Equations-Springer (1971).pdf"
}

@manual{SMM,
	title		= "The stable manifold method for approximate
solution of the Hamilton-Jacobi equation",
	author		= " Sakamoto, Noboru ",
	%organization	= "",
	%address	= "",
	%edition	= "",
	year		= "",
	%month		= "",
	%note		= "filename:"HJ_Guide.pdf"",
}

@incollection{PZ2,
	title={Remarks on long time versus steady state optimal control},
	author={Porretta, Alessio and Zuazua, Enrique},
	booktitle={Mathematical Paradigms of Climate Science},
	pages={67--89},
	year={2016},
	publisher={Springer}
}

@mastersthesis{TOC,
    author    = "Pighin, Dario",
    title     = "Long time behaviour of Optimal Control problems and the Turnpike Property",
    school    = "Universita degli Studi di Roma ``Tor Vergata''",
    %type     = "diploma thesis",
    %address  = "",
    year      = "2016",
    %month    = "",
    %note     = "",
}

@article{SMA,
  title={Analytical approximation methods for the stabilizing solution of the
  Hamilton--Jacobi equation},
  author={Sakamoto, Noboru and van der Schaft, Arjan J},
  journal={IEEE Transactions on Automatic Control},
  volume={53},
  number={10},
  pages={2335--2350},
  year={2008},
  publisher={IEEE}
  %filename:"Sakamoto_vanderSchaft.pdf"
}

@article{EIS,
author = { O.   Bodart  and  M.   González-Burgos  and  R.   Pérez-García },
title = {Existence of Insensitizing Controls for a Semilinear Heat Equation with a
Superlinear Nonlinearity},
journal = {Communications in Partial Differential Equations},
volume = {29},
number = {7-8},
pages = {1017-1050},
year = {2004},
doi = {10.1081/PDE-200033749},

URL = {
        http://dx.doi.org/10.1081/PDE-200033749

},
eprint = {
        http://dx.doi.org/10.1081/PDE-200033749

}

}

@book {PDE,
	AUTHOR = {Evans, Lawrence C.},
	TITLE = {Partial differential equations},
	SERIES = {Graduate Studies in Mathematics},
	VOLUME = {19},
	EDITION = {Second},
	PUBLISHER = {American Mathematical Society, Providence, RI},
	YEAR = {2010},
	PAGES = {xxii+749},
	ISBN = {978-0-8218-4974-3},
	MRCLASS = {35-01},
	MRNUMBER = {2597943},
	MRREVIEWER = {Diego M. Maldonado},
	DOI = {10.1090/gsm/019},
	URL = {https://doi.org/10.1090/gsm/019},
}

@manual{ZCP,
	title		= "Controllability of Partial Differential Equations",
	author		= " Zuazua, Enrique ",
	%organization	= "",
	%address	= "",
	%edition	= "",
	year		= "2017",
	%month		= "",
	%note		= "filename:"Zuazua-Notes-EECI-2017.pdf"",
}

@article{FCH,
  title={Global Carleman inequalities for parabolic systems and applications to controllability},
  author={Fern{\'a}ndez-Cara, Enrique and Guerrero, Sergio},
  journal={SIAM journal on control and optimization},
  volume={45},
  number={4},
  pages={1395--1446},
  year={2006},
  publisher={SIAM}
  %filename:"SIAM Journal on Control and Optimization Volume 45 issue 4 2006 [doi 10.1137%2Fs0363012904439696] Fernández‐Cara, Enrique; Guerrero, Sergio -- Global Carleman Inequalities for Parabolic Systems and Ap.pdf"
}

@book{LM1,
  title={Problèmes aux Limites Non Homogènes et Applications},
  author={Lions, J.L. and Magenes, E.},
  number={v. 1},
  isbn={9783642651632},
  lccn={71151407},
  series={Grundlehren der mathematischen Wissenschaften},
  url={},
  year={1968},
  publisher={Springer Berlin Heidelberg}
  %filename: "J. L. Lions, E. Magenes-Problèmes aux Limites Non Homogènes et Applications - Volume 1-Dunod (1968).pdf"
}

@book{LM2,
  title={Non-Homogeneous Boundary Value Problems and Applications},
  author={Lions, J.L. and Magenes, E.},
  number={v. 2},
  isbn={9783642651618},
  series={Die Grundlehren der mathematischen Wissenschaften in Einzeldarstellungen mit besonderer Ber{\"u}cksichtigung der Anwendungsgebiete},
  url={https://books.google.it/books?id=H2NDmwEACAAJ},
  year={1972},
  %filename: "Non-Homogeneous Boundary Value Problems and Applications_ Vol. 2. -Jacques Louis Lions, Enrico Magenes, P. Kenneth--182-Springer (1972).pdf"
  publisher={Springer Berlin Heidelberg}
}


@book{LM3,
  title={Non-homogeneous boundary value problems and applications},
  author={Lions, J.L. and Magenes, E.},
  number={v. 3},
  isbn={9783540058328},
  lccn={lc71151407},
  series={Non-homogeneous Boundary Value Problems and Applications},
  url={https://books.google.it/books?id=7zjvAAAAMAAJ},
  year={1972},
  publisher={Springer-Verlag}
  %filename:"Non-Homogeneous Boundary Value Problems and Applications Vol. 3, Jacques Louis Lions, Enrico Magenes, P. Kenneth.djvu"
}

@article{FCC,
title = "Boundary controllability of parabolic coupled equations",
journal = "Journal of Functional Analysis",
volume = "259",
number = "7",
pages = "1720 - 1758",
year = "2010",
note = "",
issn = "0022-1236",
doi = "http://dx.doi.org/10.1016/j.jfa.2010.06.003",
url = "http://www.sciencedirect.com/science/article/pii/S0022123610002351",
author = "Enrique Fernández-Cara and Manuel González-Burgos and Luz de Teresa",
keywords = "Parabolic systems",
keywords = "Controllability",
keywords = "Biorthogonal families"
%filename."Boundary controllability of parabolic coupled equations.pdf".
}

@article{SCL,
  title={Boundary control for the heat equation with steady-state targets},
  author={Schmidt, EJP Georg},
  journal={SIAM Journal on Control and Optimization},
  volume={18},
  number={2},
  pages={145--154},
  year={1980},
  publisher={SIAM}
  %filename:"schmidt1980.pdf".
}


@article{SCT,
  title={Boundary controllability of parabolic equations},
  author={Emanuilov, O Yu},
  journal={Russian Mathematical Surveys},
  volume={48},
  number={3},
  pages={192--194},
  year={1993},
  publisher={Turpion Ltd}
  %filename:"O_Yu__Emanuilov_1993_Russ._Math._Surv._48_L10.pdf"
}

@book{FPA,
  title={Partial differential equations of parabolic type},
  author={Friedman, A.},
  lccn={lc64007571},
  url={https://books.google.es/books?id=XN0pAQAAMAAJ},
  year={1964},
  publisher={Prentice-Hall}
  %filename:"Avner Friedman-Partial Differential Equations of Parabolic Type  -Krieger Pub Co (1983).pdf".
}

@book{BFP,
  title={Functional Analysis, Sobolev Spaces and Partial Differential Equations},
  author={Brezis, H.},
  isbn={9780387709130},
  lccn={2010938382},
  series={Universitext},
  url={https://books.google.es/books?id=GAA2XqOIIGoC},
  year={2010},
  publisher={Springer New York}
  %filename:"Brezis_FA_PDE.pdf".
}


@article{HCC,
	author = {Loh{\'e}ac, J{\'e}r{\^o}me and Tr{\'e}lat, Emmanuel and Zuazua, Enrique},
	title = {Minimal controllability time for the heat equation under unilateral state or control constraints},
	journal = {Mathematical Models and Methods in Applied Sciences},
	volume = {27},
	number = {09},
	pages = {1587-1644},
	year = {2017},
	doi = {10.1142/S0218202517500270},
	
	URL = {http://www.worldscientific.com/doi/abs/10.1142/S0218202517500270},
	eprint = {http://www.worldscientific.com/doi/pdf/10.1142/S0218202517500270}
}

  @article{FRE,
  title={Exact controllability theorems for linear parabolic equations in one space dimension},
  author={Fattorini, Hector O and Russell, David L},
  journal={Archive for Rational Mechanics and Analysis},
  volume={43},
  number={4},
  pages={272--292},
  year={1971},
  publisher={Springer}
  %filename:"H.O. FATTORINI and D.L. RUSSELL - Exact controllability theorems for linear parabolic equations in one space dimension.pdf"
}

@article{CCC,
  title={The cost of approximate controllability for heat equations: the linear case},
  author={Fern{\'a}ndez-Cara, Enrique and Zuazua, Enrique and others},
  journal={Advances in Differential equations},
  volume={5},
  number={4-6},
  pages={465--514},
  year={2000},
  publisher={Khayyam Publishing, Inc.}
  %filename:"cost approximate controllability linear case Zuazua Cara.pdf".
}

@article{EFR,
title = "Null and approximate controllability for weakly blowing up semilinear heat equations",
journal = "Annales de l'Institut Henri Poincare (C) Non Linear Analysis",
volume = "17",
number = "5",
pages = "583 - 616",
year = "2000",
note = "",
issn = "0294-1449",
doi = "http://dx.doi.org/10.1016/S0294-1449(00)00117-7",
url = "http://www.sciencedirect.com/science/article/pii/S0294144900001177",
author ={Fern{\'a}ndez-Cara, Enrique and Zuazua, Enrique},
%filename:"null controllability - regularity of the control-Zuazua Fernandez Cara.pdf".
}

@article{STR,
  title={Recent results on the controllability of linear coupled parabolic problems: a survey},
  author={Ammar-Khodja, Farid and Benabdallah, Assia and Gonz{\'a}lez Burgos, Manuel and de Oteyza, Teresa and others},
  journal={Mathematical Control and Related Fields},
  volume={1},
  number={3},
  pages={267--306},
  year={2011},
  publisher={American Institute of Mathematical Sciences}
  %filename"deteresa-survey.pdf".
}

@incollection{HUM,
  title={Controlabilit{\'e} exacte des syst{\`e}mes distribu{\'e}s: remarques sur la th{\'e}orie g{\'e}n{\'e}rale et les applications},
  author={Lions, Jacques-Louis},
  booktitle={Analysis and optimization of systems},
  pages={3--14},
  year={1986},
  publisher={Springer}
}

@inproceedings{ZEC,
  title={Exact controllability for semilinear distributed systems},
  author={Zuazua, Enrike},
  booktitle={Decision and Control, 1988., Proceedings of the 27th IEEE Conference on},
  pages={1265--1268},
  year={1988},
  organization={IEEE}
}

@book{BOV,
  title={Optimal control of variational inequalities},
  author={Barbu, V.},
  isbn={9780273086291},
  lccn={83025007},
  series={Research notes in mathematics},
  url={https://books.google.es/books?id=PRKoAAAAIAAJ},
  year={1984},
  publisher={Pitman Advanced Pub. Program}
  %filename:"Optimal Control of Variational Inequalities-Viorel Barbu-1984.pdf"
}

@inproceedings{CSC,
  title={Controllability of a string submitted to unilateral constraint},
  author={Ammar-Khodja, Farid and Micu, Sorin and M{\"u}nch, Arnaud},
  booktitle={Annales de l'Institut Henri Poincare (C) Non Linear Analysis},
  volume={27},
  number={4},
  pages={1097--1119},
  year={2010},
  organization={Elsevier}
  %filename:"Controllability of a string submitted to unilateral constraint.pdf".
}

@book{KSV,
  title={An Introduction to Variational Inequalities and Their Applications},
  author={Kinderlehrer, D. and Stampacchia, G.},
  isbn={9780898714661},
  lccn={00033845},
  series={Classics in Applied Mathematics},
  url={https://books.google.es/books?id=\_-SHWxrHCToC},
  year={2000},
  publisher={Society for Industrial and Applied Mathematics}
  %filename:"David Kinderlehrer, Guido Stampacchia - An introduction to variational inequalities and their applications (1987, Society for Industrial and Applied Mathematics).pdf"
}

@book{FRV,
  title={Variational principles and free-boundary problems},
  author={Friedman, Avner},
  year={1982},
  publisher={Wiley New York}
}

@book{CPO,
  title={The obstacle problem},
  author={Caffarelli, L.A.},
  isbn={9788876422492},
  series={Publications of the Scuola Normale Superiore},
  url={https://books.google.es/books?id=g-PbGQAACAAJ},
  year={1999},
  publisher={Scuola Normale Superiore}
  %filename:"Luis A. Caffarelli-The obstacle problem (Publications of the Scuola Normale Superiore)-Scuola normale superiore (1998).pdf".
}

@article{CPV,
  title={Potential methods in variational inequalities},
  author={Caffareli, LA and Kinderlehrer, David},
  journal={Journal d'Analyse Math{\'e}matique},
  volume={37},
  number={1},
  pages={285--295},
  year={1980},
  publisher={Springer}
  %filename:"L. A. Caffareli; D. Kinderlehrer -- Potential methods in variational inequalities.pdf".
}

@book{RMI,
  title={Real Analysis (Classic Version)},
  author={Royden, H. and Fitzpatrick, P.},
  isbn={9780134689494},
  lccn={2016055244},
  series={Math Classics},
  url={https://books.google.es/books?id=7GP3MAAACAAJ},
  year={2017},
  publisher={Pearson Education}
  %filename:"Halsey Royden, Patrick Fitzpatrick - Real Analysis (4th Edition) (2010, Prentice Hall).pdf"
  %available in paper based version.
}

@article{HFV,
  title={Hitchhikerʼs guide to the fractional Sobolev spaces},
  author={Di Nezza, Eleonora and Palatucci, Giampiero and Valdinoci, Enrico},
  journal={Bulletin des Sciences Math{\'e}matiques},
  volume={136},
  number={5},
  pages={521--573},
  year={2012},
  publisher={Elsevier}
  %filename:"Fractional Sobolev Spaces.pdf";
}

@article{KHC,
  title={Algorithms for PDE-constrained optimization},
  author={Herzog, Roland and Kunisch, Karl},
  journal={GAMM-Mitteilungen},
  volume={33},
  number={2},
  pages={163--176},
  year={2010},
  publisher={Wiley Online Library}
%filename:"Algorithms_for_PDE-Constrained_Optimization_Herzog_Kunisch.pdf".
}

@book{SLG,
  title={Sturm-Liouville Theory and its Applications},
  author={Al-Gwaiz, M.},
  isbn={9781846289712},
  lccn={2007938910},
  series={Springer Undergraduate Mathematics Series},
  url={https://books.google.es/books?id=O7FpwU7\_J\_YC},
  year={2008},
  publisher={Springer London}
  %filename:"Sturm-Liouville Theory and its Applications-Mohammed Abdelrahman Al-Gwaiz-Springer (2007).pdf".
}

@incollection{ANS,
  title={Nonhomogeneous linear and quasilinear elliptic and parabolic boundary value problems},
  author={Amann, Herbert},
  booktitle={Function spaces, differential operators and nonlinear analysis},
  pages={9--126},
  year={1993},
  publisher={Springer}
}

@article{EPS,
  title={On the existence of positive solutions for semilinear elliptic equations in the annulus},
  author={Wang, HY},
  journal={Journal of Differential Equations},
  volume={109},
  number={1},
  pages={1--7},
  year={1994},
  publisher={Elsevier}
}

@article{OSP,
  title={Optimal Swing Up and Stabilization Control for Inverted Pendulum via Stable Manifold Method},
  author={Horibe, Takamasa and Sakamoto, Noboru},
  journal={IEEE Transactions on Control Systems Technology},
  year={2017},
  publisher={IEEE}
  %filename:"Horibe_Sakakmoto_CST_2017.pdf".
}

@article{OPC,
  title={Optimal birth control of population dynamics. II. Problems with free final time, phase constraints, and mini-max costs},
  author={Chan, WL and Guo, Bao Zhu},
  journal={Journal of mathematical analysis and applications},
  volume={146},
  number={2},
  pages={523--539},
  year={1990},
  publisher={Elsevier}
  %filename:"Example constrained Control Problem in pop dynamics Optimal Birth Control of Population Dynamics..pdf".
}

@book{MBM,
  title={Mathematical Biology: I. An Introduction},
  author={Murray, J.D.},
  isbn={9780387952239},
  lccn={20120448},
  series={Interdisciplinary Applied Mathematics},
  url={https://books.google.es/books?id=4WbpP90Gk1YC},
  year={2011},
  publisher={Springer New York}
  %filename:"math-biology.pdf".
}

@book{FKP,
  title={Optimal control of distributed systems. Theory and applications},
  author={Fursikov, Andrej Vladimirovi{\v{c}}},
  year={1999},
  publisher={American Mathematical Soc.}
  %filename:"A. V. Fursikov-Optimal Control of Distributed Systems. Theory and Applications (Translations of Mathematical Monographs)-American Mathematical Society (1999)
%";
}

@manual{CSG,
	title		= "EAM2 Lecture Notes",
	author		= "Cannarsa, Piermarco",
	organization	= "Universita degli Studi di Roma ``Tor Vergata''",
	%address	= "",
	%edition	= "",
	year		= "2016",
	%month		= "",
	%note		= "",
    % available at the link:"https://www.mat.uniroma2.it/~cannarsa/EAM2.pdf".
}

@manual{TCF,
	title		= "TECNICHE COMPUTAZIONALI AVANZATE: Problemi Ellittici e Metodo di Galerkin per Pb Ellittici: 1D, 2D",
	author		= "Pelosi, Francesca and Filippone, Salvatore",
	organization	= "Universita degli Studi di Roma ``Tor Vergata''",
	%address	= "",
	%edition	= "",
	year		= "2010",
	%month		= "",
	%note		= "",
    % filename:"Metodo di Galerkin per soluz. numerica PDE ellettiche.pdf".
}

@article{FPO,
  title={Parabolic variational inequalities in one space dimension and smoothness of the free boundary},
  author={Friedman, Avner},
  journal={Journal of functional analysis},
  volume={18},
  number={2},
  pages={151--176},
  year={1975},
  publisher={Elsevier}
  %filename:"Parabolic variational inequalities in one space dimension and smoothness of the free boundary - Avner Friedman".
}

@article{FSO,
  title={A one phase Stefan problem},
  author={Friedman, Avner and Kinderlehrer, David},
  journal={Indiana University Mathematics Journal},
  volume={24},
  number={11},
  pages={1005--1035},
  year={1975},
  publisher={JSTOR}
}

@article{FOV,
  title={Optimal control for variational inequalities},
  author={Friedman, Avner},
  journal={SIAM Journal on Control and Optimization},
  volume={24},
  number={3},
  pages={439--451},
  year={1986},
  publisher={SIAM}
}

@article{PCV,
  title={Optimal control of variational inequalities},
  author={Turi, Alain Bensoussan Keerthi Chandrasekaran Janos},
  journal={Communications in Information and Systems},
  volume={10},
  number={4},
  year={2010}
  %filename:"probably controllab variat ineq".
}

@book{OMR,
  title={Obstacle problems in mathematical physics},
  author={Rodrigues, J-F},
  volume={134},
  year={1987},
  publisher={Elsevier}
}

@article{PEV,
  title={Evolution equations for maximal monotone operators: asymptotic analysis in continuous and discrete time},
  author={Peypouquet, Juan and Sorin, Sylvain},
  journal={arXiv preprint arXiv:0905.1270},
  year={2009}
  %filename:"J. Peypouquet, S. Sorin - Evolution Equations for Maximal Monotone Operators, Asymptotic Analysis in Continous and Discrete Time.pdf".
}

@book{PEL,
  title={Linear and Quasi-linear Equations of Parabolic Type},
  author={Ladyzhenskai͡a, O.A. and Solonnikov, V.A. and Ural'tseva, N.N.},
  isbn={9780821886533},
  series={American Mathematical Society, translations of mathematical monographs},
  url={https://books.google.es/books?id=dolUcRSDPgkC},
  year={1988},
  publisher={American Mathematical Society}
  %filename="[O.A._Ladyzhenskaya_and_V.A._Solonnikov_and_N.N._U(BookZZ.org).pdf";
}

@manual{ISV,
	title		= "Int{\'e}gration et Espaces de Sobolev {\`a} Valeurs Vectorielles.",
	author		= "Droniou, J{\'e}r{\^o}me",
	organization	= "Universit\’e de Provence",
	%address	= "",
	%edition	= "",
	year		= "2001",
	%month		= "",
	note		= "available online:https://hal.archives-ouvertes.fr/hal-01382368",
	%filename:"Integration et Espaces de Sobolev a Valeurs Vectorielles.pdf".
}

@article{PBC,
  title={Exact and Positive Controllability of Boundary Control Systems},
  author={Engel, Klaus-Jochen and Fijav{\v{z}}, Marjeta Kramar},
  journal={arXiv preprint arXiv:1610.00954},
  year={2016}
  %filename:"positive Controllability.pdf"
}

@article{MIN,
  title={Interpolation and extrapolation spaces in evolution equations},
  author={Sinestari, E},
  journal={Progress in Nonlinear Differential Equations and Their Applications},
  pages={235},
  year={1996},
  publisher={Springer}
  %there are some results on the wave equation with memory.
}

@book{OCO,
  title={Observation and control for operator semigroups},
  author={Tucsnak, Marius and Weiss, George},
  year={2009},
  publisher={Springer Science \& Business Media}
  %filename:"tucsnak weiss.pdf"
}

@book{SLR,
  title={One-parameter semigroups for linear evolution equations},
  author={Engel, Klaus-Jochen and Nagel, Rainer},
  volume={194},
  year={1999},
  publisher={Springer Science \& Business Media}
  %filename:"Klaus-Jochen Engel, Rainer Nagel (auth.)-One-Parameter Semigroups for Linear Evolution Equations-Springer-Verlag New York (2000).pdf"
}

@article{RPO,
  title={Resolvent positive operators},
  author={Arendt, Wolfgang},
  journal={Proceedings of the London Mathematical Society},
  volume={3},
  number={2},
  pages={321--349},
  year={1987},
  publisher={Oxford University Press}
  %filename:"Resolvent Positive Operator-Arendt.pdf"
}

@article{FBF,
  title={Control in finite time of differential equations in Banach space},
  author={Fattorini, Hector O},
  journal={Communications on Pure and Applied Mathematics},
  volume={19},
  number={1},
  pages={17--34},
  year={1966},
  publisher={Wiley Online Library}
  %filename:"H. O. Fattorini -- Control in finite time of differential equations in banach space.pdf"
}

@article{EVG,
  title={{\'E}quations diff{\'e}rentielles abstraites},
  author={Grisvard, Pierre},
  journal={Ann. Sci. {\'E}cole Norm. Sup.(4)},
  volume={2},
  number={3},
  pages={311--395},
  year={1969}
%filename:"evolution equation Grisvard.pdf";
}

@article{CRM,
  title={Controlled Reaction-Diusion Equations for Morphogenesis},
  author={Chyba, Monique and Gander, Martin and Vilmart, Gilles},
  journal={},
  volume={},
  number={},
  pages={},
  year={}
%filename:"Fractones.pdf";
}

@article{GCT,
  title={Global steady-state controllability of one-dimensional semilinear heat equations},
  author={Coron, Jean-Michel and Tr{\'e}lat, Emmanuel},
  journal={SIAM journal on control and optimization},
  volume={43},
  number={2},
  pages={549--569},
  year={2004},
  publisher={SIAM}
  %filename:"coron-trelat.pdf";
}

@manual{CUC,
	title		= "Controllability under constraits",
	%author		= "Zuazua, Enrique",
	%organization	= "",
	%address	= "",
	%edition	= "",
	year		= "2017",
	%month		= "",
	%note		= "",
%filename:"Chengdu2017.pdf".
}

@article{ZZW,
  title={On the equivalence of minimal time and minimal norm controls for internally controlled heat equations},
  author={Wang, Gengsheng and Zuazua, Enrique},
  journal={SIAM Journal on Control and Optimization},
  volume={50},
  number={5},
  pages={2938--2958},
  year={2012},
  publisher={SIAM}
  %filename:"equivalence_minimal_time_minimal_norm.pdf"
}

@article{ZZC,
  title={Spike controls for elliptic and parabolic PDEs},
  author={Casas, Eduardo and Zuazua, Enrique},
  journal={Systems \& Control Letters},
  volume={62},
  number={4},
  pages={311--318},
  year={2013},
  publisher={Elsevier}
  %filename:"ZZ-Sparsity.pdf".
}

@book{COP,
  title={Convex Optimization in Normed Spaces: Theory, Methods and Examples},
  author={Peypouquet, J.},
  isbn={9783319137100},
  series={SpringerBriefs in Optimization},
  url={https://books.google.es/books?id=nLeTBwAAQBAJ},
  year={2015},
  publisher={Springer International Publishing}
  %filename:"C:\Users\Dario\Dropbox\Math & C\Teoria del Controllo\Convex Analysis\Convex Minimization in Normed Spaces (Theory, Methods and Applications)-J. Peypouquet-(Definitive Version).pdf".
}

@article{CIT,
  title={Null controllability of linear heat and wave equations with nonlocal spatial terms},
  author={Fern{\'a}ndez-Cara, Enrique and Lü, Qi and Zuazua, Enrique},
  journal={SIAM Journal on Control and Optimization},
  volume={54},
  number={4},
  pages={2009--2019},
  year={2016},
  publisher={SIAM}
  %filename:"Zuazua-Cara-Controllability-Iterative.pdf".
}

@article{ACS,
  title={Approximate controllability of the semilinear heat equation},
  author={Fabre, Caroline and Puel, Jean-Pierre and Zuazua, Enrike},
  journal={Proceedings of the Royal Society of Edinburgh Section A: Mathematics},
  volume={125},
  number={1},
  pages={31--61},
  year={1995},
  publisher={Royal Society of Edinburgh Scotland Foundation}
  %filename:"Approx Contr SemiLinear Heat Zuazua-others.pdf".
}

@article{ECP,
  title={Controllability of parabolic equations},
  author={Emanuilov, O Yu},
  journal={Sbornik: Mathematics},
  volume={186},
  number={6},
  pages={879--900},
  year={1995},
  publisher={Turpion Ltd}
  %filename:"O_Yu__Emanuilov_1995_Internal_and_Boundary_Controllability_Heat_Equation.pdf".
}

@article{BES,
  AUTHOR = {Barbu, V.},
  TITLE = {Exact controllability of the superlinear heat equation},
  JOURNAL = {Appl. Math. Optim.},
  FJOURNAL = {Applied Mathematics and Optimization},
  VOLUME = {42},
  YEAR = {2000},
  NUMBER = {1},
  PAGES = {73--89},
  ISSN = {0095-4616},
  MRCLASS = {93B05 (35B37 35K57 93B07 93C20)},
  MRNUMBER = {1751309},
  MRREVIEWER = {Sergei A. Ivanov},
  DOI = {10.1007/s002450010004},
  URL = {https://doi.org/10.1007/s002450010004},
  %filename:"barbu2000.pdf".
}

@article{CBS,
	title={Null controllability and finite time stabilization for the heat equations with variable coefficients in space in one dimension via backstepping approach},
	author={Coron, Jean-Michel and Nguyen, Hoai-Minh},
	journal={Archive for Rational Mechanics and Analysis},
	volume={225},
	number={3},
	pages={993--1023},
	year={2017},
	publisher={Springer}
	%filename:"controllability heat equation backstepping.pdf"
}


@incollection{FIF,
	title={On controllability of certain systems simulating a fluid flow},
	author={Fursikov, Andrei V and Imanuvilov, Oleg Yu},
	booktitle={Flow Control},
	pages={149--184},
	year={1995},
	publisher={Springer}
	%filename:H. T. Banks, R. C. Smith auth., Max D. Gunzburger eds. Flow Control.pdf
}

@article{CNG,
	title={On the controllability of parabolic systems with a nonlinear term involving the state and the gradient},
	author={Doubova, Anna and Fern{\'a}ndez-Cara, Enrique and Gonz{\'a}lez-Burgos, Manuel and Zuazua, Enrique},
	journal={SIAM Journal on Control and Optimization},
	volume={41},
	number={3},
	pages={798--819},
	year={2002},
	publisher={SIAM}
	%filename:"SIAMstate_gradient.pdf"
}

@article{CCO,
	title={Constrained controllability of nonlinear systems},
	author={Klamka, Jerzy},
	journal={Journal of Mathematical Analysis and Applications},
	volume={201},
	number={2},
	pages={365--374},
	year={1996},
	publisher={Elsevier}
	%filename:"constrained controllability nonlinear systems.pdf"
	%there are many works on constrained controllability by the same author.
	%see:
	%https://scholar.google.com/scholar?hl=it&q=Klamka+Jerzy+constrained+controllability&btnG=&lr=
}

@article{GCW,
	title={Global steady-state stabilization and controllability of 1D semilinear wave equations},
	author={Coron, Jean-Michel and Tr{\'e}lat, Emmanuel},
	journal={Communications in Contemporary Mathematics},
	volume={8},
	number={04},
	pages={535--567},
	year={2006},
	publisher={World Scientific}
	%filename:"CoronTrelat_CCM2006.pdf"
}

@book{LMF,
		author={Lee, Ernest Bruce and Markus, Lawrence},
	title={Foundations of optimal control theory},
	year={1967},
	publisher={Robert E. Krieger Publishing Company}
	%filename:"LeeMarkus_book1967.pdf".
}

@article{HPR,
	title={A unified boundary controllability theory for hyperbolic and parabolic partial differential equations},
	author={Russell, David L},
	journal={Studies in Applied Mathematics},
	volume={52},
	number={3},
	pages={189--211},
	year={1973},
	publisher={Wiley Online Library}
	%filename:"russell1973.pdf".
	%useful for constrained controllability of wave equation.
}

@article{NCW,
	title={L\^{}∞-null controllability for the heat equation and its consequences for the time optimal control problem},
	author={Wang, Gengsheng},
	journal={SIAM Journal on Control and Optimization},
	volume={47},
	number={4},
	pages={1701--1720},
	year={2008},
	publisher={SIAM}
	%filename:"wang2008.pdf"
}

@article{BFM,
	title={Boundary optimal control for a frictional contact problem with normal compliance},
	author={Matei, Andaluzia and Micu, Sorin},
	journal={Applied Mathematics \& Optimization},
	pages={1--23},
	year={2017},
	publisher={Springer}
	%filename:"boundary_controllability_frictional_contact_problem.pdf".
}

@book{EPG,
	title={Elliptic partial differential equations of second order},
	author={Gilbarg, David and Trudinger, Neil S},
	year={2015},
	publisher={springer}
	%filename:"[David_Gilbarg,_Neil_S._Trudinger]_Elliptic_Partia.djvu".
}

@book{GNE,
	title={Elliptic problems in nonsmooth domains},
	author={Grisvard, Pierre},
	year={2011},
	publisher={SIAM}
	%filename:"Grisvard Elliptic Problems in Nonsmooth Domains.djvu".
}

@article{ICN,
	title={Carleman estimate for a parabolic equation in a Sobolev space of negative order and their applications},
	author={Imanuvilov, O Yu and Yamamoto, M},
	journal={Control of Nonlinear Distributed Parameter Systems},
	pages={113}
	%filename:"contr_semilin_parab_neg_order.pdf"
}

@article{OCC,
	title={Optimal control in networks of pipes and canals},
	author={Colombo, Rinaldo M and Guerra, Graziano and Herty, Michael and Schleper, Veronika},
	journal={SIAM Journal on Control and Optimization},
	volume={48},
	number={3},
	pages={2032--2050},
	year={2009},
	publisher={SIAM}
}

@book{JOC,
	title={Optimal Control Theory for Infinite Dimensional Systems},
	author={Li, X. and Yong, J.},
	isbn={9781461242604},
	lccn={94037168},
	series={Systems \& Control: Foundations \& Applications},
	url={https://books.google.es/books?id=ryfUBwAAQBAJ},
	year={2012},
	publisher={Birkh{\"a}user Boston}
	%filename:"Xunjing Li, Jiongmin Yong-Optimal Control Theory for Infinite Dimensional Systems.pdf"
}

@article{GEC,
	title={{\'E}tude de quelques algebres tayloriennes},
	author={Glaeser, Georges},
	journal={Journal d'analyse math{\'e}matique},
	volume={6},
	number={1},
	pages={1--124},
	year={1958},
	publisher={Springer}
	%filename:"Étude de Quelques Algèbres Tayloriennes - Georges Glaeser.pdf"
}

@book{AFS,
	title={Sobolev spaces},
	author={Adams, Robert A and Fournier, John JF},
	volume={140},
	year={2003},
	publisher={Academic press}
	%filename:"Robert A. Adams, John J. F. Fournier Sobolev spaces.djvu"
}

@article{NCS,
	title={Small-time local attainability for a class of control systems with state constraints},
	author={Le Thuy, TT and Marigonda, Antonio},
	journal={ESAIM: Control, Optimisation and Calculus of Variations},
	volume={23},
	number={3},
	pages={1003--1021},
	year={2017},
	publisher={EDP Sciences}
	%filename:"LeMarigonda_COCV2017.pdf"
}

@unpublished{CCT,
	author	= "Tr{\'e}lat, Emmanuel",
	title	= "Positive minimal time for the control of
	state-constrained dynamical systems",
	year	= "2017",
	month	= "September",
	note	= "",
	%filename:"slides_Trelat_Padoue2017.pdf"
}

@book {TAT,
	AUTHOR = {Tr\'elat, Emmanuel},
	TITLE = {Contr\^ole optimal: th\'eorie \& applications},
	SERIES = {Math\'ematiques Concr\`etes.},
	NOTE = {available online: https://www.ljll.math.upmc.fr/trelat/fichiers/livreopt2.pdf},
	PUBLISHER = {Vuibert, Paris},
	YEAR = {2005},
	PAGES = {vi+246},
	ISBN = {2-7117-7175-X},
	MRCLASS = {49-01 (49K15 93-01)},
	MRNUMBER = {2224013},
	MRREVIEWER = {Halina Frankowska},
	%filename:"teoria del controllo Trelat.pdf"
}

@article{FMC,
title={Minimal controllability time for finite-dimensional control systems under state constraints},
author={Loh{\'e}ac, J{\'e}r{\^o}me and Tr{\'e}lat, Emmanuel and Zuazua, Enrique},
journal={Automatica},
volume={96},
pages={380--392},
year={2018},
publisher={Elsevier}
%filename:"LoheacTrelatZuazua_MTGF.pdf"
}

@inproceedings{PCD,
	title={Positive controllability of positive dynamical systems},
	author={Klamka, Jerzy},
	booktitle={American Control Conference, 2002. Proceedings of the 2002},
	volume={6},
	pages={4632--4637},
	year={2002},
	organization={IEEE}
	%filename:"positive controllability of positive dynamical systems.pdf"
}

@book{BRC,
	title={Representation and Control of Infinite Dimensional Systems},
	author={Bensoussan, A. and Da Prato, G. and Delfour, M.C. and Mitter, S.K.},
	isbn={9780817644611},
	lccn={2006936851},
	series={Systems \& Control: Foundations \& Applications},
	url={https://books.google.it/books?id=GwhRAAAAMAAJ},
	year={2006},
	publisher={Birkh{\"a}user Boston}
	%filename:"Alain Bensoussan, Giuseppe Da Prato, Michel C. Delfour, Sanjoy K. Mitter (auth.)-Representation and Control of Infinite Dimensional Systems-Birkhäuser B.pdf"
}

@article{IDO,
	title={On the implementation of an interior-point filter line-search algorithm for large-scale nonlinear programming},
	author={W{\"a}chter, Andreas and Biegler, Lorenz T},
	journal={Mathematical programming},
	volume={106},
	number={1},
	pages={25--57},
	year={2006},
	publisher={Springer}
	%filename:"On the implementation of an interior-point filter line-search algorithm for large-scale nonlinear programming.pdf"
}

@article{FAP,
	title={A modeling language for mathematical programming},
	author={Fourer, Robert and Gay, David M and Kernighan, Brian W},
	journal={Management Science},
	volume={36},
	number={5},
	pages={519--554},
	year={1990},
	publisher={INFORMS}
}

@book{LD1,
	title={Mathematical Analysis and Numerical Methods for Science and Technology: Volume 1 Physical Origins and Classical Methods},
	author={Sneddon, I.N. and Dautray, R. and Benilan, P. and Lions, J.L. and Cessenat, M. and Gervat, A. and Kavenoky, A. and Lanchon, H.},
	isbn={9783540660972},
	series={Mathematical Analysis and Numerical Methods for Science and Technology},
	url={https://books.google.es/books?id=lnGuIPFZs3wC},
	year={1999},
	publisher={Springer Berlin Heidelberg}
	%filename:"Robert Dautray, Jacques-Louis Lions (auth.)-Mathematical Analysis and Numerical Methods for Science and Technology_ Volume 1 Physical Origins and Classical Methods-Springer-Verlag Berlin Heidelberg (1.pdf"
}

@book{LD2,
	title={Mathematical Analysis and Numerical Methods for Science and Technology: Volume 2 Functional and Variational Methods},
	author={Sneddon, I.N. and Dautray, R. and Artola, M. and Authier, M. and Lions, J.L. and Benilan, P. and Cessenat, M. and Combes, J.M. and Lanchon, H. and Mercier, B. and others},
	isbn={9783642615665},
	url={https://books.google.es/books?id=BirzCAAAQBAJ},
	year={2015},
	publisher={Springer Berlin Heidelberg}
	%filename:"Robert Dautray, Jacques-Louis Lions (auth.)-Mathematical Analysis and Numerical Methods for Science and Technology_ Volume 2 Functional and Variational Methods-Springer-Verlag Berlin Heidelberg (2000).pdf"
}

@book{LD3,
	title={Mathematical Analysis and Numerical Methods for Science and Technology: Volume 3 Spectral Theory and Applications},
	author={Dautray, R. and Artola, M. and Amson, J.C. and Cessenat, M. and Lions, J.L.},
	isbn={9783540660996},
	series={Mathematical Analysis and Numerical Methods for Science and Technology},
	url={https://books.google.es/books?id=CqbXHWWJiCEC},
	year={1999},
	publisher={Springer Berlin Heidelberg}
}

@book{LD4,
	title={Mathematical Analysis and Numerical Methods for Science and Technology: Volume 4 Integral Equations and Numerical Methods},
	author={Dautray, R. and Artola, M. and Amson, J.C. and Lions, J.L. and Benilan, P. and Bernadou, M. and Cessenat, M. and Nedelec, J.C. and Planchard, J. and Scheurer, B.},
	isbn={9783540661009},
	series={Mathematical Analysis and Numerical Methods for Science and Technology},
	url={https://books.google.es/books?id=NMSLlfODc7oC},
	year={1999},
	publisher={Springer Berlin Heidelberg}
}

@book{LD5,
	title={Mathematical Analysis and Numerical Methods for Science and Technology: Volume 5 Evolution Problems I},
	author={Dautray, R. and Craig, A. and Artola, M. and Cessenat, M. and Lions, J.L. and Lanchon, H.},
	isbn={9783540661016},
	series={Mathematical Analysis and Numerical Methods for Science and Technology},
	url={https://books.google.es/books?id=HHjOEqhYrmcC},
	year={1999},
	publisher={Springer Berlin Heidelberg}
	%filename:"Robert Dautray, Jacques-Louis Lions (auth.)-Mathematical Analysis and Numerical Methods for Science and Technology_ Volume 5 Evolution Problems I-Springer-Verlag Berlin Heidelberg (2000).pdf"
}

@book{LD6,
	title={Mathematical Analysis and Numerical Methods for Science and Technology: Volume 6 Evolution Problems II},
	author={Dautray, R. and Lions, J.L.},
	%isbn={9783540661016},
	series={Mathematical Analysis and Numerical Methods for Science and Technology},
	%url={https://books.google.es/books?id=HHjOEqhYrmcC},
	%year={1999},
	publisher={Springer Berlin Heidelberg}
	filename:"Robert Dautray, Jacques-Louis Lions (auth.)-Mathematical Analysis and Numerical Methods for Science and Technology_ Volume 6 Evolution Problems II-Springer-Verlag Berlin Heidelberg (2000).pdf"
}

@book{LD7,
	title={Mathematical Analysis and Numerical Methods for Science and Technology: Volume 7},
	author={Dautray, R. and Lions, J.L.},
	%isbn={9783540661016},
	series={Mathematical Analysis and Numerical Methods for Science and Technology},
	%url={https://books.google.es/books?id=HHjOEqhYrmcC},
	%year={1999},
	publisher={Springer Berlin Heidelberg}
}

@book{CAR,
	title={Convex Analysis},
	author={Rockafellar, R.T.},
	isbn={9781400873173},
	series={Princeton Landmarks in Mathematics and Physics},
	url={https://books.google.es/books?id=jzpzBwAAQBAJ},
	year={2015},
	publisher={Princeton University Press}
	%filename:"Convex analysis-R. Tyrrell Rockafellar-Princeton University Press (1970).pdf"
}

@article{EBU,
	title={Unique continuation for parabolic operators},
	author={Escauriaza, Luis and Fern{\'a}ndez, Francisco Javier},
	journal={Arkiv f{\"o}r Matematik},
	volume={41},
	number={1},
	pages={35--60},
	year={2003},
	publisher={Springer}
	%filename:"backward_uniqueness.pdf"
}

@article{ACH,
	title={On the approximate controllability of some semilinear parabolic boundary-value problems},
	author={D{\'\i}az, JI and Henry, J and Ramos, AM},
	journal={Applied mathematics \& optimization},
	volume={37},
	number={1},
	pages={71--97},
	year={1998},
	publisher={Springer}
	%filename:"Approx Contr SemiLinear Henry.pdf"
}

@article{CSH,
	title={Controliability of some non linear parabolic equations},
	author={Henry, J},
	journal={Distributed Parameter Systems: Modelling and Identification},
	pages={287--297},
	year={1978},
	publisher={Springer}
	%filename:"contr_nonlinear_henry.pdf"
}

@article{ACV,
	title={Sur la contr{\^o}labilit{\'e} approch{\'e}e des in{\'e}quations variationelles et d’autres probl{\`e}mes paraboliques non lin{\'e}aires},
	author={Diaz, Jesus Ildefonso},
	journal={CR Acad. Sci. Paris},
	volume={312},
	pages={519--522},
	year={1991}
	%filename:Approximate_Contr_Var_Ineq.pdf
}

@inproceedings{ERV,
	title={Effets r{\'e}gularisants de semi-groupes non lin{\'e}aires dans des espaces de Banach},
	author={V{\'e}ron, Laurent},
	booktitle={Annales de la facult{\'e} des sciences de Toulouse},
	volume={1},
	number={2},
	pages={171--200},
	year={1979},
	organization={Universit{\'e} Paul Sabatier}
	%filename:effets_regularisants_veron.pdf
}

@inproceedings{ZPN,
	title={Null controllability of viscous Hamilton--Jacobi equations},
	author={Porretta, Alessio and Zuazua, Enrique},
	booktitle={Annales de l'Institut Henri Poincare (C) Non Linear Analysis},
	volume={29},
	number={3},
	pages={301--333},
	year={2012},
	organization={Elsevier}
	%filename:"Null controllability of viscous Hamilton–Jacobi equations.pdf"
}

@article{DTA,
	title={Null controllability for the dissipative semilinear heat equation},
	author={Ani{\c{t}}a, Sebastian and Tataru, Daniel},
	journal={Applied Mathematics \& Optimization},
	volume={46},
	number={2-3},
	pages={97--105},
	year={2002},
	publisher={Springer}
	%filename:"Null_Contr_semil_heat_dissip.pdf"
}

@article{MPP,
	title={On the maximum principle for nonlinear parabolic and elliptic equations},
	author={Krylov, Nikolai Vladimirovich},
	journal={Mathematics of the USSR-Izvestiya},
	volume={13},
	number={2},
	pages={335},
	year={1979},
	publisher={IOP Publishing}
	%filename:"max_princ.pdf"
}

@book{MPD,
	title={Maximum Principles in Differential Equations},
	author={Protter, M.H. and Weinberger, H.F.},
	isbn={9781461252825},
	url={https://books.google.es/books?id=JUXhBwAAQBAJ},
	year={2012},
	publisher={Springer New York}
	%filename:"
	Eq.pdf"
}

@book{BNC,
	title={Analysis and Control of Nonlinear Infinite Dimensional Systems},
	author={V. Barbu},
	isbn={9780080958767},
	lccn={92002851},
	series={Mathematics in Science and Engineering},
	url={https://books.google.es/books?id=IaqpPMvArqEC},
	year={1992},
	publisher={Elsevier Science}	
    %filename:"Viorel Barbu Eds. Analysis and Control of Nonlinear Infinite Dimensional Systems.pdf".
}

@article{henry1977etude,
	title={Etude de la contr{\^o}labilit{\'e} de certaines {\'e}quations paraboliques non lin{\'e}aires},
	author={Henry, Jacques},
	journal={These, Paris},
	year={1977}
}

@article{zuazua2007controllability,
	title={Controllability and observability of partial differential equations: some results and open problems},
	author={Zuazua, Enrique},
	journal={Handbook of differential equations: evolutionary equations},
	volume={3},
	pages={527--621},
	year={2007},
	publisher={Elsevier}
	%filename:"Zuazua_survey.pdf"
}

@book{lorenzi2012evolution,
	title={Evolution Equations, Semigroups and Functional Analysis: In Memory of Brunello Terreni},
	author={Lorenzi, A. and Ruf, B.},
	isbn={9783034882217},
	series={Progress in Nonlinear Differential Equations and Their Applications},
	url={https://books.google.es/books?id=vMgACAAAQBAJ},
	year={2012},
	publisher={Birkh{\"a}user Basel}
	%filename:"Evolution Equations, Semigroups and Functional Analysis In Memory of Brunello Terreni.pdf"
}

@article{al2004generator,
	title={On the generator of two parameter semigroups},
	author={Al-Sharif, Sh and Khalil, R},
	journal={Applied mathematics and computation},
	volume={156},
	number={2},
	pages={403--414},
	year={2004},
	publisher={Elsevier}
	%filename:"On the generator of two parameter semigroups.pdf"
}

@book{pazy2012semigroups,
	title={Semigroups of linear operators and applications to partial differential equations},
	author={Pazy, Amnon},
	volume={44},
	year={2012},
	publisher={Springer Science \& Business Media}
	%filename:"Amnon Pazy Semigroups of Linear Operators and Applications to Partial Differential Equations Applied Mathematical Sciences.pdf".
}

@book{bergh2012interpolation,
	title={Interpolation spaces: an introduction},
	author={Bergh, J{\"o}ran and Lofstrom, Jorgen},
	volume={223},
	year={2012},
	publisher={Springer Science \& Business Media}
	%filename:"Jöran Bergh, Jörgen Löfström auth. Interpolation Spaces An Introduction.pdf"
}

@book{tartar2007introduction,
	title={An introduction to Sobolev spaces and interpolation spaces},
	author={Tartar, Luc},
	volume={3},
	year={2007},
	publisher={Springer Science \& Business Media}
	%filename:"Luc Tartar auth. An Introduction to Sobolev Spaces and Interpolation Spaces.pdf"
}

@article{sinestmri1996interpolation,
	title={Interpolation and extrapolation spaces in evolution equations},
	author={Sinestrari, E},
	journal={Progress in Nonlinear Differential Equations and Their Applications},
	pages={235},
	year={1996},
	publisher={Springer}
	%filename:"Herbert Amann -- Parabolic evolution equations in interpolation and extrapolation spaces.pdf"
}


@article{lebeau1995controle,
	title={Contr{\^o}le exact de l{\'e}quation de la chaleur},
	author={Lebeau, Gilles and Robbiano, Luc},
	journal={Communications in Partial Differential Equations},
	volume={20},
	number={1-2},
	pages={335--356},
	year={1995},
	publisher={Taylor \& Francis}
}

@Article{Simon1986,
author="Simon, Jacques",
title="Compact sets in the spaceL                p              (O,T; B)",
journal="Annali di Matematica Pura ed Applicata",
year="1986",
month="Dec",
day="01",
volume="146",
number="1",
pages="65--96",
abstract="A characterization of compact sets in Lp (0, T; B) is given, where 1⩽P⩾∞ and B is a Banach space. For the existence of solutions in nonlinear boundary value problems by the compactness method, the point is to obtain compactness in a space Lp (0,T; B) from estimates with values in some spaces X, Y or B where X⊂B⊂Y with compact imbedding X{\textrightarrow}B. Using the present characterization for this kind of situations, sufficient conditions for compactness are given with optimal parameters. As an example, it is proved that if {\{}fn{\}} is bounded in Lq(0,T; B) and in L                  loc                  1                (0, T; X) and if {\{}∂fn/∂t{\}} is bounded in L                  loc                  1                (0, T; Y) then {\{}fn{\}} is relatively compact in Lp(0,T; B), ∀p<q.",
issn="1618-1891",
doi="10.1007/BF01762360",
url="https://doi.org/10.1007/BF01762360"
%filename:"Simon_AMPA1987.pdf"
}

@article{arrieta2004linear,
	title={Linear parabolic equations in locally uniform spaces},
	author={Arrieta, Jose M and Rodriguez-Bernal, Anibal and Cholewa, Jan W and Dlotko, Tomasz},
	journal={Mathematical Models and Methods in Applied Sciences},
	volume={14},
	number={02},
	pages={253--293},
	year={2004},
	publisher={World Scientific}
	%filename:"ARRIETA, JOSE M.; RODRIGUEZ-BERNAL, ANIBAL; CHOLEWA, JAN W.; DLO -- LINEAR PARABOLIC EQUAT.pdf"
}

@article{oleinik1961quasilinear,
	title={QUASILINEAR PARABOLIC EQUATIONS WITH MANY INDEPENDENT VARIABLES},
	author={Oleinik, OA},
	journal={DOKLADY AKADEMII NAUK SSSR},
	volume={138},
	number={1},
	pages={43},
	year={1961},
	publisher={MEZHDUNARODNAYA KNIGA 39 DIMITROVA UL., 113095 MOSCOW, RUSSIA}
	%filename:"quasi-linear parabolic equations with many independent variables.pdf"
}

@book{krylov2008lectures,
	title={Lectures on Elliptic and Parabolic Equations in Sobolev Spaces},
	author={Krylov, N.V.},
	isbn={9780821846841},
	lccn={2008016051},
	series={Graduate Studies in Mathematics, Graduate Studies in Mathema},
	url={https://books.google.es/books?id=8RzqBwAAQBAJ},
	year={2008},
	publisher={American Mathematical Society}
	%filename:"N. V. Krylov Lectures on elliptic and parabolic equations in Sobolev spaces.divu"
}

@book{krylov1996lectures,
	title={Lectures on Elliptic and Parabolic Equations in H{\"o}lder Spaces},
	author={Krylov, N.V.},
	isbn={9780821805695},
	lccn={96019426},
	series={Graduate studies in mathematics},
	url={https://books.google.es/books?id=oh4SCgAAQBAJ},
	year={1996},
	publisher={American Mathematical Society}
	%filename:"N. V. Krylov Lectures on elliptic and parabolic equations in Holder spaces.djvu"
}

@phdthesis{perez2004nuevos,
	author		= {P{\'e}rez-Garcia, Rosario},
	title		= {Nuevos resultados de control para algunos problemas parab{\'o}licos acoplados no lineales: controlabilidad y controles insensibilizantes},
	school		= {Universidad de Sevilla},
	%address	= "",
	year		= {2004},
	%month		= "",
	%keywords	= "",
	%note		= "",
    %filename:"tesis_chari.pdf"
}

@book{jost2002partial,
	title={Partial Differential Equations},
	author={Jost, J.},
	isbn={9780387954288},
	lccn={01059798},
	series={Graduate Texts in Mathematics},
	url={https://books.google.es/books?id=wNoQQ0JFm58C},
	year={2002},
	publisher={Springer New York}
	%filename:"Jürgen Jost auth. Partial Differential Equations.pdf"
}

@book{lieberman1996second,
	title={Second Order Parabolic Differential Equations},
	author={Lieberman, G.M.},
	isbn={9789810228835},
	lccn={96035104},
	url={https://books.google.es/books?id=s9Guiwylm3cC},
	year={1996},
	publisher={World Scientific}
	%filename:"Gary M. Lieberman Second Order Parabolic Differential Equations.djvu"
}

@article{moser1964harnack,
	title={A Harnack inequality for parabolic differential equations},
	author={Moser, J{\"u}rgen},
	journal={Communications on pure and applied mathematics},
	volume={17},
	number={1},
	pages={101--134},
	year={1964},
	publisher={Wiley Online Library}
	%filename:"moser1964.pdf"
}

@article{Jürge-1967,
	doi	= {10.1002/cpa.3160200107},
	title	= {Correetion to “A Harnack Inequality for Parabolic Differential Equations”},
	author	= {Jürgen Moser},
	publisher	= {John Wiley and Sons},
	journal	= {Communications on Pure and Applied Mathematics},
	issnp	= {0010-3640},
	issne	= {1097-0312},
	year	= {1967},
	volume	= {20},
	issue	= {1},
	page	= {231--236},
	%filename:"Jürgen Moser -- Correetion to “A Harnack Inequality for Parabolic Differential Equations”.pdf"
}

@book{wu2006elliptic,
	title={Elliptic \& Parabolic Equations},
	author={Wu, Z. and Yin, J. and Wang, C.},
	isbn={9789812700254},
	lccn={2007295412},
	url={https://books.google.es/books?id=DnCH1\_1YffYC},
	year={2006},
	publisher={World Scientific}
	%filename:"Zhuoqun Wu, Jingxue Yin, Chunpeng Wang Elliptic & Parabolic Equations.pdf"
}

@article{amann1984existence,
	title={Existence and regularity for semilinear parabolic evolution equations},
	author={Amann, Herbert},
	journal={Annali della Scuola Normale Superiore di Pisa-Classe di Scienze},
	volume={11},
	number={4},
	pages={593--676},
	year={1984},
	publisher={Scuola normale superiore}
	%filename:"existence and regularity for semilinear parabolic evolution equations-Amman.pdf"
}

@article{fursikov1996controllability,
	title={Controllability of Evolution Equations Lecture Notes Series 34 Seoul National University Korea},
	author={Fursikov, AV and Imanuvilov, O Yu},
	year={1996}
	%filename:"Controllability_evolution_equations.pdf".
}

@incollection{amann1993nonhomogeneous,
	title={Nonhomogeneous linear and quasilinear elliptic and parabolic boundary value problems},
	author={Amann, Herbert},
	booktitle={Function spaces, differential operators and nonlinear analysis},
	pages={9--126},
	year={1993},
	publisher={Springer}
	%filename:"Function Spaces, Differential Operators and Nonlinear Analysis Volume 133 __ Nonhomogeneous.pdf".
}

@article{doi:10.1093/imamci/dnv002,

author = {El Azzouzi, Mohamed and Bouslous, Hammadi and Maniar, Lahcen and Boulite, Said},

title = {Constrained approximate controllability of boundary control systems},

journal = {IMA Journal of Mathematical Control and Information},

volume = {33},

number = {3},

pages = {669-683},

year = {2016},

doi = {10.1093/imamci/dnv002},

URL = { + http://dx.doi.org/10.1093/imamci/dnv002},

eprint = {/oup/backfile/content_public/journal/imamci/33/3/10.1093_imamci_dnv002/3/dnv002.pdf}

}

@Article{Aisagaliev2012,
	author="Aisagaliev, S. A.
	and Belogurov, A. P.",
	title="Controllability and speed of the process described by a parabolic equation with bounded control",
	journal="Siberian Mathematical Journal",
	year="2012",
	month="Jan",
	day="01",
	volume="53",
	number="1",
	pages="13--28",
	abstract="Addressing the problems of controllability and speed of the processes described by a parabolic equation with distributed control in a given set, we propose some methods for solving these problems by minimizing sequences.",
	issn="1573-9260",
	doi="10.1134/S0037446612010028",
	url="https://doi.org/10.1134/S0037446612010028"
	%filename:"S. A. Aisagaliev; A. P. Belogurov -- Controllability and speed of the process described by a parabolic equation w.pdf".
}

@inproceedings{chen2004exact,
	title={Exact null controllability of infinite dimensional linear systems via bounded control functions},
	author={Chen, Pengnian and Qin, Huashu and Cheng, Daizhzn and Liu, Kangsheng},
	booktitle={Intelligent Control and Automation, 2004. WCICA 2004. Fifth World Congress on},
	volume={1},
	pages={101--104},
	year={2004},
	organization={IEEE}
	%filename:"Pengnian Chen, ; Huashu Qin, ; Kangsheng Liu,bounded controls.pdf"
}

@book{yosida2013functional,
	title={Functional Analysis},
	author={Yosida, K.},
	isbn={9783662007815},
	series={Grundlehren der mathematischen Wissenschaften},
	url={https://books.google.es/books?id=-RPpCAAAQBAJ},
	year={1995},
	publisher={Springer Berlin Heidelberg}
	%filename:"Yosida, Kôsaku -- Functional Analysis.pdf"
}

@book{chong2016distributed,
	title={Distributed Autonomous Robotic Systems: The 12th International Symposium},
	author={Chong, N.Y. and Cho, Y.J.},
	isbn={9784431558798},
	series={Springer Tracts in Advanced Robotics},
	url={https://books.google.es/books?id=jeJlCwAAQBAJ},
	year={2016},
	publisher={Springer Japan}
	%filename:"Nak-Young Chong, Young-Jo Cho eds. Distributed Autonomous Robotic Systems The 12th International Symposium.pdf"
}

@inproceedings{zuazua1993exact,
	title={Exact controllability for semilinear wave equations in one space dimension},
	author={Zuazua, Enrique},
	booktitle={Annales de l'Institut Henri Poincare (C) Non Linear Analysis},
	volume={10},
	number={1},
	pages={109--129},
	year={1993},
	organization={Elsevier}
	%filename:"Zuazua, E. -- Exact controllability for semilinear wave equations in one s.pdf"
}

@article{negreanu2003uniform,
	title={Uniform boundary controllability of a discrete 1-D wave equation},
	author={Negreanu, Mihaela and Zuazua, Enrique},
	journal={Systems \& Control Letters},
	volume={48},
	number={3},
	pages={261--279},
	year={2003},
	publisher={Elsevier}
	%filename:"Mihaela Negreanu; Enrique Zuazua -- Uniform boundary controllability of a discrete 1-D wave equation.pdf"
}

@book{tremolieres2011numerical,
	title={Numerical analysis of variational inequalities},
	author={Tremolieres, R and Lions, J-L and Glowinski, R},
	volume={8},
	year={2011},
	publisher={Elsevier}
}

@book{glowinski2013numerical,
	title={Numerical Methods for Nonlinear Variational Problems},
	author={Glowinski, R.},
	isbn={9783662126134},
	series={Scientific Computation},
	url={https://books.google.es/books?id=vGrwCAAAQBAJ},
	year={2013},
	publisher={Springer Berlin Heidelberg}
	%filenamechapter1:"glowinski nonlinear variotional problems ch1.pdf"
	%filenamechapter2:"glowinski nonlinear variotional problems.pdf"
}

@article{aronson1967local,
	title={Local behavior of solutions of quasilinear parabolic equations},
	author={Aronson, Don G and Serrin, James},
	journal={Archive for Rational Mechanics and Analysis},
	volume={25},
	number={2},
	pages={81--122},
	year={1967},
	publisher={Springer}
	%filename:"local behavior of solutions of quasilinear parabolic equations_Aronson-Serrin.pdf"
}

@article{ervedoza2010systematic,
	title={A systematic method for building smooth controls for smooth data},
	author={Ervedoza, Sylvain and Zuazua, Enrique},
	journal={Discrete Contin. Dyn. Syst. Ser. B},
	volume={14},
	number={4},
	pages={1375--1401},
	year={2010}
	%filename:"HUMvsRegularity6.pdf"
}

@article{bonforte2010positivity,
	title={Positivity, local smoothing, and Harnack inequalities for very fast diffusion equations},
	author={Bonforte, Matteo and V{\'a}zquez, Juan Luis},
	journal={Advances in Mathematics},
	volume={223},
	number={2},
	pages={529--578},
	year={2010},
	publisher={Elsevier}
	%filename:"Moser_Fast Diffusion Equation.pdf"
	%for Moser iteration, see proof of Lemma 2.5 page 23. It seems it is a Moser elliptic iteration scheme
	%applied to the time-space cilinder (0,T)\times \Omega.
}

@article{troltzsch2010optimal,
	title={Optimal control of partial differential equations},
	author={Tr{\"o}ltzsch, Fredi},
	journal={Graduate studies in mathematics},
	volume={112},
	year={2010}
	%filename:"Optimal control of partial differential equations-Fredi Troltzsch-American Mathematical Society (2010).pdf"
}

@article{fourer1990modeling,
	title={A modeling language for mathematical programming},
	author={Fourer, Robert and Gay, David M and Kernighan, Brian W},
	journal={Management Science},
	volume={36},
	number={5},
	pages={519--554},
	year={1990},
	publisher={INFORMS}
	%filename:"AMPLbook.pdf"
}

@article{bardos1992sharp,
	title={Sharp sufficient conditions for the observation, control, and stabilization of waves from the boundary},
	author={Bardos, Claude and Lebeau, Gilles and Rauch, Jeffrey},
	journal={SIAM journal on control and optimization},
	volume={30},
	number={5},
	pages={1024--1065},
	year={1992},
	publisher={SIAM}
	%filename:"Bardos, Claude; Lebeau, Gilles; Rauch, Jeffrey -- Sharp Sufficient Conditions for the Observation, Control, and .pdf"
}

@incollection{taylor1996pseudodifferential,
	title={Pseudodifferential operators},
	author={Taylor, Michael E},
	booktitle={Partial Differential Equations II},
	pages={1--73},
	year={1996},
	publisher={Springer}
	%filename:"Michael Taylor (auth.)-Pseudo Differential Operators-Springer-Verlag Berlin Heidelberg (1974).djvu"
}

@book{colli2017solvability,
	title={Solvability, Regularity, and Optimal Control of Boundary Value Problems for PDEs: In Honour of Prof. Gianni Gilardi},
	author={Colli, Pierluigi and Favini, Angelo and Rocca, Elisabetta and Schimperna, Giulio and Sprekels, J{\"u}rgen},
	volume={22},
	year={2017},
	publisher={Springer}
	%filename:"Pierluigi Colli et al. (eds.)-Solvability, Regularity, and Optimal Control of Boundary Value Problems for PDEs_ In Honour of Prof. Gianni Gilardi-Springer International Publ.pdf"
}

@incollection{perthame2015parabolic,
	title={Parabolic equations in biology},
	author={Perthame, Beno{\^\i}t},
	booktitle={Parabolic Equations in Biology},
	pages={1--21},
	year={2015},
	publisher={Springer}
	%filename:"Perthame_book.pdf"
}

@book{kichenassamy1995nonlinear,
	title={Nonlinear Wave Equations},
	author={Kichenassamy, S.},
	isbn={9780824793289},
	lccn={95024573},
	series={Chapman \& Hall/CRC Pure and Applied Mathematics},
	url={https://books.google.es/books?id=yARyD5cuaiUC},
	year={1995},
	publisher={Taylor \& Francis}
	%filename:"Satyanad Kichenassamy-Nonlinear wave equations-M. Dekker (1996).djvu"
}

@article{pogorelenko2004counter,
	title={The" counter-example" to W. Littman counter-example of Lp-energetic inequality for wave equation},
	author={Pogorelenko, V and Sobolevskii, P},
	journal={Functional Differential Equations},
	volume={4},
	number={1-2},
	pages={p--165},
	year={2004}
	%filename:"The counter-example to W. Littman counter-example of Lp-energetic inequality for wave equation.pdf"
}

@article{littman1963wave,
	title={The wave operator and L p norms},
	author={Littman, Walter},
	journal={Journal of Mathematics and Mechanics},
	pages={55--68},
	year={1963},
	publisher={JSTOR}
}

@article{littman1968non,
	title={The non-existence of $ L\^{}$\{$p$\}$ $-estimates for certain translation-invariant operators},
	author={Littman, W and McCarthy, C and Riviere, N},
	journal={Studia Mathematica},
	volume={30},
	number={2},
	pages={219--229},
	year={1968}
	%filename:"Littman-McCarthy-Riviere.pdf"
}

@article{burq1997condition,
	title={Condition n{\'e}cessaire et suffisante pour la contr{\^o}labilit{\'e} exacte des ondes},
	author={Burq, Nicolas and G{\'e}rard, Patrick},
	journal={Comptes Rendus de l'Acad{\'e}mie des Sciences-Series I-Mathematics},
	volume={325},
	number={7},
	pages={749--752},
	year={1997},
	publisher={Elsevier}
	%filename:"necessary and sufficient condition for the controllability of the wave.pdf"
}

@article{dehman2009analysis,
	title={Analysis of the HUM control operator and exact controllability for semilinear waves in uniform time},
	author={Dehman, Belhassen and Lebeau, Gilles},
	journal={SIAM Journal on Control and Optimization},
	volume={48},
	number={2},
	pages={521--550},
	year={2009},
	publisher={SIAM}
	%filename:"contr_semil_wave.pdf"
}

@book{komornik2005fourier,
	title={Fourier series in control theory},
	author={Komornik, Vilmos and Loreti, Paola},
	year={2005},
	publisher={Springer Science \& Business Media}
	%filename:"Vilmos Komornik, Paola Loreti-Fourier Series in Control Theory-Springer (2005).pdf"
}

@article{lions1988exact,
	title={Exact controllability, stabilization and perturbations for distributed systems},
	author={Lions, Jacques-Louis},
	journal={SIAM review},
	volume={30},
	number={1},
	pages={1--68},
	year={1988},
	publisher={SIAM}
	%filename:"J.L.Lions_Review.pdf"
}

@article{cannarsa1999well,
	title={Well posedness and control of semilinear wave equations with iterated logarithms},
	author={Cannarsa, Piermarco and Komornik, Vilmos and Loreti, Paola},
	journal={ESAIM: Control, Optimisation and Calculus of Variations},
	volume={4},
	pages={37--56},
	year={1999},
	publisher={EDP Sciences}
	%filename:"cannarsa-komornik-loreti.pdf"
}

@article{cannarsa2002one,
	title={One-sided and internal controllability of semilinear wave equations with infinitely iterated logarithms},
	author={Cannarsa, Piermarco and Komornik, Vilmos and Loreti, Paola},
	journal={Discrete and Continuous Dynamical Systems},
	volume={8},
	number={3},
	pages={745--756},
	year={2002},
	publisher={Southwest Missouri State University}
}

@article{cannarsa1999controllability,
	title={Controllability of semilinear wave equations with infinitely iterated logarithms},
	author={Cannarsa, Piermarco and Komornik, Vilmos and Loreti, Paola},
	journal={Control and Cybernetics},
	volume={28},
	number={3},
	pages={449--461},
	year={1999}
}

@incollection{alabau2012control,
	title={Control of Non-linear Partial Differential Equations},
	author={Alabau-Boussouira, Fatiha and Cannarsa, Piermarco},
	booktitle={Mathematics of Complexity and Dynamical Systems},
	pages={102--125},
	year={2012},
	publisher={Springer}
}

@article{alabau2017control,
	title={Control and stabilization of degenerate wave equations},
	author={Alabau-Boussouira, Fatiha and Cannarsa, Piermarco and Leugering, Günter},
	journal={SIAM Journal on Control and Optimization},
	volume={55},
	number={3},
	pages={2052--2087},
	year={2017},
	publisher={SIAM}
}

@book{jost2008riemannian,
	title={Riemannian geometry and geometric analysis},
	author={Jost, J{\"u}rgen},
	year={2017},
	publisher={Springer Science \& Business Media}
	%filename:"Riemannian Geometry and Geometric Analysis-Springer International Publishing (2017).pdf"
}

@article{baldi2015exact,
	title={Exact controllability for quasi-linear perturbations of KdV},
	author={Baldi, Pietro and Floridia, Giuseppe and Haus, Emanuele},
	journal={arXiv preprint arXiv:1510.07538},
	year={2015}
}

@article{cannarsa2015multiplicative,
	title={Multiplicative controllability for semilinear reaction-diffusion equations with finitely many changes of sign},
	author={Cannarsa, Piermarco and Floridia, Giuseppe and Khapalov, Alexander Y},
	journal={arXiv preprint arXiv:1510.04203},
	year={2015}
}

@article{floridia2017multiplicative,
	title={Multiplicative controllability for nonlinear degenerate parabolic equations between sign-changing states},
	author={Floridia, Giuseppe and Nitsch, Carlo and Trombetti, Cristina},
	journal={arXiv preprint arXiv:1710.00690},
	year={2017}
}

@article{floridia2014approximate,
	title={Approximate controllability for nonlinear degenerate parabolic problems with bilinear control},
	author={Floridia, Giuseppe},
	journal={Journal of Differential Equations},
	volume={257},
	number={9},
	pages={3382--3422},
	year={2014},
	publisher={Elsevier}
}

@manual{PFT,
	title		= "ANALYSIS OF PARTIAL DIFFERENTIAL EQUATIONS",
	author		= "Feng, Tony",
	organization	= "Stanford University",
	%address	= "",
	%edition	= "",
	year		= "",
	%month		= "",
	%note		= "",
	% available at the link:"https://web.stanford.edu/~tonyfeng/pde.pdf".
}

@inproceedings{dehman2003stabilization,
	title={Stabilization and control for the subcritical semilinear wave equation},
	author={Dehman, Belhassen and Lebeau, Gilles and Zuazua, Enrique},
	booktitle={Annales scientifiques de l’Ecole normale sup{\'e}rieure},
	volume={36},
	number={4},
	pages={525--551},
	year={2003},
	organization={Elsevier}
}

@article{zuazua1990exact,
	title={Exact controllability for the semilinear wave equation},
	author={Zuazua, Enrike},
	journal={Journal de Math{\'e}matiques Pures et Appliqu{\'e}es},
	volume={69},
	number={1},
	pages={1--31},
	year={1990},
	publisher={Elsevier}
}

@article{zhang2004exact,
	title={Exact controllability of the semi-linear wave equation},
	author={Zhang, Xu and Zuazua, Enrique},
	journal={Unsolved Problems in Mathematical Systems and Control Theory},
	pages={173},
	year={2004},
	publisher={Princeton Univ. Press, Princeton NJ}
}

@incollection{ervedoza2012wave,
	title={The wave equation: Control and numerics},
	author={Ervedoza, Sylvain and Zuazua, Enrique},
	booktitle={Control of partial differential equations},
	pages={245--339},
	year={2012},
	publisher={Springer}
}

@inproceedings{zuazua2006control,
	title={Control and numerical approximation of the wave and heat equations},
	author={Zuazua, Enrique},
	booktitle={International Congress of Mathematicians, Madrid, Spain},
	volume={3},
	pages={1389--1417},
	year={2006}
}

@article{pighin2017controllability,
	title={Controllability under positivity constraints of semilinear heat equations},
	author={Pighin, Dario and Zuazua, Enrique},
	journal={Mathematical Control & Related Fields},
	year={2018},
	volume = {8},
	pages = {935--964},
	doi = {10.3934/mcrf.2018041},
}

@misc{SHC,
	title={Control of the semi-discrete 1D heat equation under nonnegative control constraint},
	author={Loh{\'e}ac, J and Tr{\'e}lat, E and Zuazua, E},
	publisher={in preparation}
}

@article{loheac2016norm,
	title={Norm saturating property of time optimal controls for wave-type equations},
	author={Loh{\'e}ac, J{\'e}r{\^o}me and Zuazua, Enrique},
	journal={IFAC-PapersOnLine},
	volume={49},
	number={8},
	pages={37--42},
	year={2016},
	publisher={Elsevier}
	%filename:"CPDE_Loheac-Zuazua.pdf"
}

@article{gugat2008norm,
	title={L∞-norm minimal control of the wave equation: on the weakness of the bang-bang principle},
	author={Gugat, Martin and Leugering, Gunter},
	journal={ESAIM: Control, Optimisation and Calculus of Variations},
	volume={14},
	number={2},
	pages={254--283},
	year={2008},
	publisher={EDP Sciences}
	%filename:"l_infty_norm_minimal_control_of_the_wave_equation_on_the_weakness_of_the_bangbang_principle.pdf"
}

@article{gugat2011optimal,
	title={Optimal boundary control of the wave equation with pointwise control constraints},
	author={Gugat, Martin and Grimm, Volker},
	journal={Computational Optimization and Applications},
	volume={49},
	number={1},
	pages={123--147},
	year={2011},
	publisher={Springer}
	%filename:"constrained_controllability_wave_one_d.pdf"
}

@manual{BPV,
	title		= "A SHORT INTRODUCTION TO BANACH LATTICES AND POSITIVE OPERATORS",
	author		= "A, Rhandi",
	organization	= "Universita del Salento",
	%address	= "",
	%edition	= "",
	year		= "2002",
	%month		= "",
	%note		= "",
	% available at the link:"http://siba-ese.unisalento.it/index.php/quadmat/article/viewFile/8711/7967".
	%filename:"Introduction to banach lattices and Positive Operators.pdf"
}

@book{vinter2010optimal,
	title={Optimal control},
	author={Vinter, Richard},
	year={2010},
	publisher={Springer Science \& Business Media}
	%filename:"R.-Vinter-Optimal-Control.pdf"
}

@book{folland2013real,
	title={Real analysis: modern techniques and their applications},
	author={Folland, Gerald B},
	year={2013},
	publisher={John Wiley \& Sons}
	%filename:"Gerald B. Folland-Real analysis_ modern techniques and their applications-Wiley (1999).djvu"
}

@book{gugat2015optimal,
	title={Optimal Boundary Control and Boundary Stabilization of Hyperbolic Systems},
	author={Gugat, Martin},
	year={2015},
	publisher={Birkh{\"a}user}
	%filename:"Martin Gugat-Optimal Boundary Control and Boundary Stabilization of Hyperbolic Systems-Birkhäuser Basel (2015).pdf"
}

@article{lopez2000null,
	title={Null controllability of the heat equation as singular limit of the exact controllability of dissipative wave equations},
	author={L{\'o}pez, Antonio and Zhang, Xu and Zuazua, Enrique},
	journal={Journal de math{\'e}matiques pures et appliqu{\'e}es},
	volume={79},
	number={8},
	pages={741--808},
	year={2000},
	publisher={Elsevier}
	%filename:"null_controlllability_heat_limit_wave.pdf"
}

@article{tcheugoue1998well,
	title={Well-posedness and energy decay estimates for the damped wave equation with Lr localizing coefficient},
	author={Tcheugou{\'e} T{\'e}bou, Louis Roder and Tcheugou{\'e} T{\'e}bou, Louis Roder},
	journal={Communications in partial differential equations},
	volume={23},
	number={9-10},
	pages={1839--1855},
	year={1998},
	publisher={Taylor \& Francis}
	%filename:"regularity_damped_wave_1.pdf"
}

@article{enrike1990exponential,
	title={Exponential decay for the semilinear wave equation with locally distributed damping},
	author={Enrike, Zuazua},
	journal={Communications in Partial Differential Equations},
	volume={15},
	number={2},
	pages={205--235},
	year={1990},
	publisher={Taylor \& Francis}
	%filename:"Enrike, Zuazua -- Exponential Decay for The Semilinear Wave Equation with Locally Distributed.pdf"
}

@article{carvalho2008regularity,
	title={Regularity of solutions on the global attractor for a semilinear damped wave equation},
	author={Carvalho, AN and Cholewa, JW},
	journal={Journal of Mathematical Analysis and Applications},
	volume={337},
	number={2},
	pages={932--948},
	year={2008},
	publisher={Elsevier}
	%filename:"A.N. Carvalho; J.W. Cholewa -- Regularity of solutions on the global attractor for a semili.pdf"
}


@article{komornik1997exact,
	title={Exact controllability and stabilization. The multiplier method},
	author={Komornik, Vilmos and Gattulli, Vincenzo},
	journal={SIAM Review},
	volume={39},
	number={2},
	pages={351--351},
	year={1997},
	publisher={Philadelphia, Society for Industrial and Applied Mathematics.}
	%filename:"komornik_1.pdf"
}

@article{lebeau1984wave,
	title={A wave problem in a half-space with a unilateral constraint at the boundary},
	author={Lebeau, Gilles and Schatzman, Michelle},
	journal={Journal of differential equations},
	volume={53},
	number={3},
	pages={309--361},
	year={1984},
	publisher={Elsevier}
	%filename:"Lebeau_Schatzamann.pdf"
}

@article{schatzman1980hyperbolic,
	title={A hyperbolic problem of second order with unilateral constraints: the vibrating string with a concave obstacle},
	author={Schatzman, Michelle},
	journal={Journal of Mathematical Analysis and Applications},
	volume={73},
	number={1},
	pages={138--191},
	year={1980},
	publisher={Elsevier}
	%filename:"A hyperbolic problem of second order with unilateral constraints: the vibrating string with a concave obstacle.pdf"
}

@article{amerio1975study,
	title={Study of the motion of a string vibrating against an obstacle},
	author={Amerio, Luigi and Prouse, Giovanni},
	journal={Rend. Mat},
	volume={2},
	number={8},
	pages={563--585},
	year={1975}
	%filename:"Study of the motion of a string vibrating against an obstacle.pdf"
}

@article{citrini1975sull,
	title={Sull'urto parzialmente elastico o anelastico di una corda vibrante contro un ostacolo},
	author={Citrini, C},
	journal={Atti Accad. Naz. Lincei Rend},
	volume={59},
	number={6},
	pages={667--676},
	year={1975}
}

@article{cooper1997two,
	title={Two variational inequality problems for the wave equation in a half-space},
	author={Cooper Jr, Olph G and others},
	year={1997},
	publisher={Citeseer}
	%filename:"var_ineq_crack.pdf"
}

@incollection{sokolowski1992introduction,
	title={Introduction to shape optimization},
	author={Sokolowski, Jan and Zolesio, Jean-Paul},
	booktitle={Introduction to Shape Optimization},
	pages={5--12},
	year={1992},
	publisher={Springer}
	%filename:"Jan Sokolowski, Jean-Paul Zolesio (auth.)-Introduction to Shape Optimization_ Shape Sensitivity Analysis-Springer-Verlag Berlin Heidelberg (1992).pdf"
}

@book{barbu2010nonlinear,
	title={Nonlinear differential equations of monotone types in Banach spaces},
	author={Barbu, Viorel},
	year={2010},
	publisher={Springer Science \& Business Media}
	%filename:"Nonlinear-differential-equations-of-monotone-types-in-Banach-spaces.pdf"
	%Read Corollary 5.6 page 245.
}

@inproceedings{artyushin1990variational,
	title={Variational inequalities for the wave equation with a constraint on the solution},
	author={Artyushin, AN},
	booktitle={Dokl. Akad. Nauk SSSR},
	volume={311},
	number={5},
	pages={1033--1035},
	year={1990}
}

@article{haraux1983almost,
	title={Almost periodic motion of a string vibrating against a straight fixed obstacle},
	author={Haraux, Alain and Cabannes, Henri},
	journal={Nonlinear Analysis: Theory, Methods and Applications},
	volume={7},
	pages={129--141},
	year={1983}
	%filename:"Cabannes-H.pdf"
}

@article{cabannes1985motion,
	title={MOTION OF A VIBRATING STRING IN THE PRESENCE OF A CONVEX-OBSTACLE-A FREE-BOUNDARY PROBLEM},
	author={Cabannes, H},
	journal={COMPTES RENDUS DE L ACADEMIE DES SCIENCES SERIE II},
	volume={301},
	number={3},
	pages={125--129},
	year={1985},
	publisher={GAUTHIER-VILLARS SPE S-JOURNAL DEPT, 120 BD ST GERMAIN, F-75006 PARIS, FRANCE}
	%filename:"Cabannes_et_al-1987-Mathematical_Methods_in_the_Applied_Sciences.pdf"
}

@article{burridge1982sitar,
	title={The sitar string, a vibrating string with a one-sided inelastic constraint},
	author={Burridge, Robert and Kappraff, Jay and Morshedi, Christine},
	journal={SIAM Journal on Applied Mathematics},
	volume={42},
	number={6},
	pages={1231--1251},
	year={1982},
	publisher={SIAM}
	%filename:"THE SITAR STRING, A VIBRATING STRING.pdf"
}

@article{paoli2007numerical,
	title={Numerical simulation of the dynamics of an impacting bar},
	author={Paoli, Laetitia and Schatzman, Michelle},
	journal={Computer methods in applied mechanics and engineering},
	volume={196},
	number={29-30},
	pages={2839--2851},
	year={2007},
	publisher={Elsevier}
	%filename:"Paoli-Schatzman 2007.pdf"
}

@book{jean2012contact,
	title={Contact Mechanics},
	author={Jean, M. and Moreau, J.J. and Raous, M.},
	isbn={9781461519836},
	url={https://books.google.es/books?id=YOPiBwAAQBAJ},
	year={2012},
	publisher={Springer US}
	%Beam equation with obstacle.
}

@article{bamberger1983new,
	title={New results on the vibrating string with a continuous obstacle},
	author={Bamberger, Alain and Schatzman, Michelle},
	journal={SIAM Journal on Mathematical Analysis},
	volume={14},
	number={3},
	pages={560--595},
	year={1983},
	publisher={SIAM}
	%filename:"hyperbolic_variational_Schatzman_2.pdf"
}

@article{schwartz1952theorie,
	title={Th{\'e}orie des distributions},
	author={Schwartz, Laurent},
	journal={Bull. Amer. Math. Soc},
	volume={58},
	number={78-85},
	pages={0002--9904},
	year={1952}
	%filename:"Laurent_Schwartz__Théorie_des_distributions.pdf"
}

@article{lopez1994maximum,
	title={The maximum principle for cooperative weakly coupled elliptic systems and some applications},
	author={L{\'o}pez-G{\'o}mez, Juli{\'a}n and Molina-Meyer, Marcela and others},
	journal={Differential Integral Equations},
	volume={7},
	number={2},
	pages={383--398},
	year={1994}
}

@book{smoller2012shock,
	title={Shock Waves and Reaction—Diffusion Equations},
	author={Smoller, J.},
	isbn={9781461208730},
	lccn={93050712},
	series={Grundlehren der mathematischen Wissenschaften},
	url={https://books.google.es/books?id=lOIlBQAAQBAJ},
	year={2012},
	publisher={Springer New York}
	%filename:"Joel Smoller (auth.)-Shock Waves and Reaction—Diffusion Equations-Springer US (1983).djvu"
}

@article{katzourakis2013maximum,
	title={Maximum Principles for vectorial approximate minimizers of nonconvex functionals},
	author={Katzourakis, Nikolaos I},
	journal={Calculus of Variations and Partial Differential Equations},
	volume={46},
	number={3-4},
	pages={505--522},
	year={2013},
	publisher={Springer}
	%filename:"Maximum_principle_functionals.pdf"
}

@book{clarke1990optimization,
	title={Optimization and nonsmooth analysis},
	author={Clarke, Frank H},
	volume={5},
	year={1990},
	publisher={Siam}
	%filename:"(Classics in applied mathematics 5) Frank H. Clarke-Optimization and nonsmooth analysis-Society for Industrial and Applied Mathematics (1987).pdf"
}

@book{beck2014introduction,
	title={Introduction to Nonlinear Optimization: Theory, Algorithms, and Applications with MATLAB},
	author={Beck, Amir},
	volume={19},
	year={2014},
	publisher={Siam}
	%filename:"Amir Beck-Introduction to Nonlinear Optimization_ Theory, Algorithms, and Applications with MATLAB-SIAM (2014).pdf"
}

@article{clason2017nonsmooth,
	title={Nonsmooth Analysis and Optimization},
	author={Clason, Christian},
	journal={arXiv preprint arXiv:1708.04180},
	year={2017}
	%filename:"Convex analysis and algorithm_Clacson.pdf"
}

@book{ruszczynski2011nonlinear,
	title={Nonlinear Optimization},
	author={Ruszczynski, A.},
	isbn={9781400841059},
	url={https://books.google.es/books?id=41dhYmzMSm4C},
	year={2011},
	publisher={Princeton University Press}
	%filename:"Andrzej Ruszczyński-Nonlinear Optimization  -Princeton University Press (2006).pdf"
}

@article{goldstein1964convex,
	title={Convex programming in Hilbert space},
	author={Goldstein, Alan A},
	journal={Bulletin of the American Mathematical Society},
	volume={70},
	number={5},
	pages={709--710},
	year={1964}
	%filename:"grad_prog_Goldstein.pdf"
}

@book{pucci2007maximum,
	title={The Maximum Principle},
	author={Pucci, P. and Serrin, J.B.},
	isbn={9783764381455},
	lccn={2007929013},
	series={Progress in Nonlinear Differential Equations and Their Applications},
	url={https://books.google.es/books?id=iPQf\_rE23XEC},
	year={2007},
	publisher={Birkh{\"a}user Basel}
	%filename:"The Maximum Principle (Patrizia Pucci, James Serrin).pdf"
}

@article{koike1994uniqueness,
	title={Uniqueness of viscosity solutions for monotone systems of fully nonlinear PDEs under Dirichlet condition},
	author={Koike, Shigeaki},
	journal={Nonlinear Analysis: Theory, Methods \& Applications},
	volume={22},
	number={4},
	pages={519--532},
	year={1994},
	publisher={Citeseer}
	%filename:"The Maximum Principle (Patrizia Pucci, James Serrin).pdf"
}

@article{pierre2010global,
	title={Global existence in reaction-diffusion systems with control of mass: a survey},
	author={Pierre, Michel},
	journal={Milan Journal of Mathematics},
	volume={78},
	number={2},
	pages={417--455},
	year={2010},
	publisher={Springer}
	%filename:"Global Existence in Reaction-Diffusion.pdf"
}

@book{curtain2012introduction,
	title={An introduction to infinite-dimensional linear systems theory},
	author={Curtain, Ruth F and Zwart, Hans},
	volume={21},
	year={2012},
	publisher={Springer Science \& Business Media}
	%filename:"Ruth F. Curtain, Hans Zwart (auth.)-An Introduction to Infinite-Dimensional Linear Systems Theory-Springer-Verlag New York (1995).pdf"
}

@article {porretta2013long,
	AUTHOR = {Porretta, Alessio and Zuazua, Enrique},
	TITLE = {Long time versus steady state optimal control},
	JOURNAL = {SIAM J. Control Optim.},
	FJOURNAL = {SIAM Journal on Control and Optimization},
	VOLUME = {51},
	YEAR = {2013},
	NUMBER = {6},
	PAGES = {4242--4273},
	ISSN = {0363-0129},
	MRCLASS = {49J20 (93B05 93C20)},
	MRNUMBER = {3124890},
	MRREVIEWER = {Alexander J. Zaslavski},
	DOI = {10.1137/130907239},
	URL = {https://doi.org/10.1137/130907239},
	note={available online: https://epubs.siam.org/doi/pdf/10.1137/130907239},
		%filename:"articolo Porretta-Zuazua.pdf"	
}

@article{curtain1974infinite,
	title={The infinite-dimensional Riccati equation},
	author={Curtain, Ruth F and Pritchard, AJ},
	journal={Journal of Mathematical Analysis and Applications},
	volume={47},
	number={1},
	pages={43--57},
	year={1974},
	publisher={Elsevier}
	%filename:"infinite dimensional algebraic riccati equation.pdf"
}

@article{curtain1976infinite,
	title={The infinite-dimensional Riccati equation for systems defined by evolution operators},
	author={Curtain, Ruth and Pritchard, AJ},
	journal={SIAM Journal on Control and Optimization},
	volume={14},
	number={5},
	pages={951--983},
	year={1976},
	publisher={SIAM}
	%filename:"infinite_dimensional_Riccati_theory_evolution.pdf"
}

@inproceedings{lasiecka1995control,
	title={Control of systems governed by partial differential equations: A historical perspective},
	author={Lasiecka, Irena},
	booktitle={Decision and Control, 1995., Proceedings of the 34th IEEE Conference on},
	volume={3},
	pages={2792--2796},
	year={1995},
	organization={IEEE}
	%filename:"Lasiecka, I. -- [IEEE 1995 34th IEEE Conference on Decision and Control - New Orleans, LA, USA (13-15 Dec. 1995)] Proceedings of 1995 34th IEEE.pdf"
}

@article{phung2007existence,
	title={On the existence of time optimal controls for linear evolution equations},
	author={Phung, Kim Dang and Wang, Gengsheng and Zhang, Xu},
	journal={Discrete And Continuous Dynamical Systems Series B},
	volume={8},
	number={4},
	pages={925},
	year={2007},
	publisher={Citeseer}
}

@article{loheac2013maximum,
	title={Maximum principle and bang-bang property of time optimal controls for Schrodinger-type systems},
	author={Loh{\'e}ac, J{\'e}r{\^o}me and Tucsnak, Marius},
	journal={SIAM Journal on Control and Optimization},
	volume={51},
	number={5},
	pages={4016--4038},
	year={2013},
	publisher={SIAM}
}

@unpublished{PPE,
	author	= "Pierre, Michel",
	title	= "About maximum principle for elliptic systems",
	year	= "2018",
	month	= "March",
	note	= "",
	%filename:"PositivitySystems.pdf"
}

@book{isaacson2012analysis,
	title={Analysis of Numerical Methods},
	author={Isaacson, E. and Keller, H.B.},
	isbn={9780486137988},
	series={Dover Books on Mathematics},
	url={https://books.google.es/books?id=CqPDAgAAQBAJ},
	year={2012},
	publisher={Dover Publications}
	%filename:"Analysis.Of.Numerical.Methods_Isaacson.Keller.pdf"
}

@article{boyer2017controllability,
	title={Controllability of parabolic PDES: old and new},
	author={Boyer, Franck},
	year={2017}
	%filename:"m2_lecture_notes_fboyer.pdfCominci tu?"
}


@book{mityushev2015current,
	title={Current Trends in Analysis and Its Applications: Proceedings of the 9th ISAAC Congress, Krak{\'o}w 2013},
	author={Mityushev, V.V. and Ruzhansky, M.V.},
	isbn={9783319125770},
	series={Trends in Mathematics},
	url={https://books.google.es/books?id=EViEBgAAQBAJ},
	year={2015},
	publisher={Springer International Publishing}
	%filename:"Vladimir V. Mityushev, Michael V. Ruzhansky (eds.)-Current Trends in Analysis and Its Applications_ Proceedings of the 9th ISAAC Congress, Kraków 2013-Birkhäuser Basel (2015).pdf"
}

@article{willems1983large,
	title={Large finite horizon and infinite horizon lq-optimal control problems},
	author={Willems, JL and Callier, FM},
	journal={Optimal Control Applications and Methods},
	volume={4},
	number={1},
	pages={31--45},
	year={1983},
	publisher={Wiley Online Library}
	%filename:"Willems_Callier_Large finite horizon and infinite horizon lq-optimal control problems_1983.pdf"
}

@article{callier1981criterion,
	title={Criterion for the convergence of the solution of the Riccati differential equation},
	author={Callier, F and Willems, J},
	journal={IEEE Transactions on Automatic Control},
	volume={26},
	number={6},
	pages={1232--1242},
	year={1981},
	publisher={IEEE}
	%filename:"Callier_Willmes_Criterion for the convergence of the solution of the Riccati differential equation_1981.pdf"
}

@article{callier1995convergence,
	title={Convergence of the time-invariant Riccati differential equation towards its strong solution for stabilizable systems},
	author={Callier, Frank M and Winkin, Joseph},
	journal={Journal of mathematical analysis and applications},
	volume={192},
	number={1},
	pages={230--257},
	year={1995},
	publisher={Elsevier}
	%filename:"Callier_Winkin_Convergence of the time invariant riccati differential equation towards its strong solution for stabilizable systems_1995"
}


@article{callier1994convergence,
	title={Convergence of the time-invariant Riccati differential equation and LQ-problem: mechanisms of attraction},
	author={CALLIER, FRANK M and WINKIN, JOSEPH and WILLEMS, JACQUES L},
	journal={International journal of control},
	volume={59},
	number={4},
	pages={983--1000},
	year={1994},
	publisher={Taylor \& Francis}
}

@article{de1968esempio,
	title={Un esempio di estremali discontinue per un problema variazionale di tipo ellittico},
	author={De Giorgi, Ennio},
	journal={Ennio De Giorgi},
	pages={288},
	year={1968}
	%filename:"De Giorgi E. Selected papers (Springer, 2006)(897s)(ISBN 3540261699)_M_.pdf"
}

@article{whitney1934analytic,
	title={Analytic extensions of differentiable functions defined in closed sets},
	author={Whitney, Hassler},
	journal={Transactions of the American Mathematical Society},
	volume={36},
	number={1},
	pages={63--89},
	year={1934}
	%filename:"extension_differentiable_funcntions_Whitney.pdf"
}

@article{porretta2001local,
	title={Local existence and uniqueness of weak solutions for non-linear parabolic equations with superlinear growth and unbounded initial data},
	author={Porretta, Alessio},
	journal={Advances in Differential Equations},
	volume={6},
	number={1},
	pages={73},
	year={2001},
	publisher={Athens, Ohio: Khayyam Pub. Co., c1996-}
	%filename:"PORRETTA-Advances2001.pdf"
}

@article{trelat2015turnpike,
	title={The turnpike property in finite-dimensional nonlinear optimal control},
	author={Tr{\'e}lat, Emmanuel and Zuazua, Enrique},
	journal={Journal of Differential Equations},
	volume={258},
	number={1},
	pages={81--114},
	year={2015},
	publisher={Elsevier},
	note={available online: https://arxiv.org/abs/1402.3263},
	%filename:"trelat-zuazua article.pdf"
}

@incollection{kuvcera1991algebraic,
	title={Algebraic Riccati equation: Hermitian and definite solutions},
	author={Ku{\v{c}}era, Vladim{\'\i}r},
	booktitle={The Riccati Equation},
	pages={53--88},
	year={1991},
	publisher={Springer}
	%filename:"Sergio Bittanti (auth.), Sergio Bittanti, Alan J. Laub, Jan C. Willems (eds.)-The Riccati Equation-Springer-Verlag Berlin Heidelberg (1991).pdf"
}

@article{bittanti1991riccati,
	title={The Riccati equation},
	author={Bittanti, Sergio and Laub, Alan J and Willems, Jan C},
	year={1991},
	publisher={Springer-Verlag New York, Inc.}
		%filename:"Sergio Bittanti (auth.), Sergio Bittanti, Alan J. Laub, Jan C. Willems (eds.)-The Riccati Equation-Springer-Verlag Berlin Heidelberg (1991).pdf"
}

@book{sontag1998mathematical,
	title={Mathematical control theory: deterministic finite dimensional systems},
	author={Sontag, Eduardo D},
	volume={6},
	year={1998},
	publisher={Springer Science \& Business Media}
	%filename:"E. Sontag-Mathematical Control Theory - Deterministic Finite Dimensional Systems-Springer (1998).pdf"
}

@book{wonham2013linear,
	title={Linear Multivariable Control: A Geometric Approach},
	author={Wonham, W.M.},
	isbn={9783662226735},
	series={Lecture Notes in Economics and Mathematical Systems},
	url={https://books.google.es/books?id=tWjsCAAAQBAJ},
	year={2013},
	publisher={Springer Berlin Heidelberg}
	%filename:"W.M. Wonham-Linear Multivariable Control_ A Geometric Approach. 10-Springer (1985).djvu"
}

@article{wonham1967pole,
	title={On pole assignment in multi-input controllable linear systems},
	author={Wonham, W},
	journal={IEEE transactions on automatic control},
	volume={12},
	number={6},
	pages={660--665},
	year={1967},
	publisher={IEEE}
}

@book{poznyak2010advanced,
	title={Advanced Mathematical Tools for Control Engineers: Volume 1: Deterministic Systems},
	author={Poznyak, Alex},
	volume={1},
	year={2010},
	publisher={Elsevier}
	%filename:"Alex Poznyak-Advanced Mathematical Tools for Control Engineers_ Volume 1-Elsevier Science (2008).pdf"
}

@book{mareels2012adaptive,
	title={Adaptive systems: an introduction},
	author={Mareels, Iven and Polderman, Jan Willem},
	year={2012},
	publisher={Springer Science \& Business Media}
	%filename:"Iven Mareels, Jan Willem Polderman (auth.)-Adaptive Systems_ An Introduction-Birkhäuser Basel (1996).pdf"
}

@book{engwerda2005lq,
	title={LQ Dynamic Optimization and Differential Games},
	author={Engwerda, J.},
	isbn={9780470015247},
	lccn={2005045160},
	url={https://books.google.es/books?id=Yw5s2-ZEiGoC},
	year={2005},
	publisher={Wiley}
	%filename:"Jacob Engwerda-LQ Dynamic Optimization and Differential Games (2005).pdf"
}

@book{bonnard2005mecanique,
	title={M{\'e}canique c{\'e}leste et contr{\^o}le des v{\'e}hicules spatiaux},
	author={Bonnard, Bernard and Faubourg, Ludovic and Tr{\'e}lat, Emmanuel},
	volume={51},
	year={2005},
	publisher={Springer Science \& Business Media}
	%filename:"Celestial Mechanics an Optimal Control Theory Trélat.pdf"
}

@book{wolovich2012linear,
	title={Linear multivariable systems},
	author={Wolovich, William A},
	volume={11},
	year={2012},
	publisher={Springer Science \& Business Media}
	%filename:"Wolovich W.A.-Linear multivariable systems-Springer (1974).djvu"
}

@incollection{amann2005maximum,
	title={Maximum principles and principal eigenvalues},
	author={Amann, H},
	booktitle={10 Mathematical Essays on Approximation in Analysis and Topology},
	pages={1--60},
	year={2005},
	publisher={Elsevier}
	%filename:"Ten-mathematical-essays-on-approximation-in-analysis-and-topology.djvu"
}

@book{zaslavski2006turnpike,
	title={Turnpike properties in the calculus of variations and optimal control},
	author={Zaslavski, Alexander J},
	volume={80},
	year={2006},
	publisher={Springer Science \& Business Media}
	%filename:"[Alexander_J.Zaslavski]_Turnpike_Propert.pdf"
}

@article{trelat2018allee,
	title={Allee optimal control of a system in ecology},
	author={Tr{\'e}lat, Emmanuel and Zhu, Jiamin and Zuazua, Enrique},
	year={2018}
}

@manual{ISV,
	title		= "Int{\'e}gration et Espaces de Sobolev {\`a} Valeurs Vectorielles.",
	author		= "Droniou, J{\'e}r{\^o}me",
	organization	= "Universit\’e de Provence",
	%address	= "",
	%edition	= "",
	year		= "2001",
	%month		= "",
	note		= "available online:https://hal.archives-ouvertes.fr/hal-01382368",
	%filename:"Integration et Espaces de Sobolev a Valeurs Vectorielles.pdf".
}

@book{belmiloudi2008stabilization,
	title={Stabilization, optimal and robust control: Theory and Applications in Biological and Physical Sciences},
	author={Belmiloudi, Aziz},
	year={2008},
	publisher={Springer Science \& Business Media}
	%filename:"Aziz Belmiloudi (auth.)-Stabilization, Optimal and Robust Control_ Theory and Applications in Biological and Physical Sciences-Springer-Verlag London (2008).pdf"
}

@inproceedings{boyer2013penalised,
	title={On the penalised HUM approach and its applications to the numerical approximation of null-controls for parabolic problems},
	author={Boyer, Franck},
	booktitle={ESAIM: Proceedings},
	volume={41},
	pages={15--58},
	year={2013},
	organization={EDP Sciences}
	%filename:"penalized_HUM.pdf"
	%page 47 to read about a numerical algorithm
	% to solve optimal control problem
	% governed by a semilinear
	% equation.
}

@misc{schelter2006maxima,
	title={Maxima manual},
	author={Schelter, William and others},
	year={2006},
	publisher={Austin, TX}
	%filename:"maxima_user_guide.pdf"
}

@book{ciliberto1994algebra,
	title={Algebra lineare},
	author={Ciliberto, C.},
	isbn={9788833955315},
	lccn={74093754},
	series={Programma di matematica, fisica, elettronica},
	url={https://books.google.es/books?id=LB2zPAAACAAJ},
	year={1994},
	publisher={Bollati Boringhieri}
}

@article{casas2009first,
	title={First-and second-order optimality conditions for a class of optimal control problems with quasilinear elliptic equations},
	author={Casas, Eduardo and Tr{\"o}ltzsch, Fredi},
	journal={SIAM Journal on Control and Optimization},
	volum\textsf{e}={48},
	number={2},
	pages={688--718},
	year={2009},
	publisher={SIAM}
	%filename:"optimal_control_semilinear_elliptic_PDE.pdf"
}

@incollection {ESC,
	AUTHOR = {Casas, Eduardo and Mateos, Mariano},
	TITLE = {Optimal control of partial differential equations},
	BOOKTITLE = {Computational mathematics, numerical analysis and
	applications},
	SERIES = {SEMA SIMAI Springer Ser.},
	VOLUME = {13},
	PAGES = {3--59},
	PUBLISHER = {Springer, Cham},
	YEAR = {2017},
	MRCLASS = {49-02 (65K10 65M60 65N30)},
	MRNUMBER = {3586845},
		%filename:"Casas-Optimal Control of semilinear PDES.pdf".
		%chapter 1.
}

@book{alinhac2012opérateurs,
	title={Op{\'e}rateurs pseudo-diff{\'e}rentiels et th{\'e}or{\`e}me de Nash-Moser},
	author={Alinhac, S. and G{\'e}rard, P.},
	isbn={9782759802821},
	series={SAVOIRS ACTUELS},
	url={https://books.google.es/books?id=oAVBSvJz6NYC},
	year={2012},
	publisher={EDP Sciences}
	%filename:"[Alinhac_S.,_Gerard_P.]_Operateurs_pseudo-differen.djvu"
}

@book{quarteroni2014numerical,
	title={Numerical Models for Differential Problems},
	author={Quarteroni, A.},
	isbn={9783319493152},
	series={MS\&A},
	year={2014},
	publisher={Springer Milan}
	%filename:"-Numerical-Models-for-Differential-Problems.pdf"
}

@book{trelat2008controle,
	title={Contr{\^o}le optimal: th{\'e}orie \& applications},
	author={Tr{\'e}lat, Emmanuel},
	volume={865},
	year={2008},
	publisher={Vuibert Paris}
	%filename:"teoria del controllo Trelat.pdf"
}

@manual{TAF,
	title		= "Approximation by Taylor Polynomials",
	author		= "Krishna, Rahul",
	organization	= "Columbia University",
	%address	= "",
	%edition	= "",
	year		= "",
	%month		= "",
	%note		= "",
	% available at the link:"http://math.columbia.edu/~krishna/08092011.pdf".
}

@book{simon1978methods,
	title={Methods of Modern Mathematical Physics: Vol.: 4. : Analysis of Operators},
	author={Simon, B. and Reed, M.},
	number={v. 4},
	url={https://books.google.es/books?id=VzsgYgEACAAJ},
	year={1978},
	publisher={Academic Press}
	%filename:"Reed M., Simon B., Methods of modern mathematical physics, v.4, 1978, 1p.pdf"
}

@book{courant2008methods,
	title={Methods of Mathematical Physics},
	author={Courant, R. and Hilbert, D.},
	number={v. 1},
	isbn={9783527617227},
	url={https://books.google.es/books?id=z3s4WnhEAbAC},
	year={2008},
	publisher={Wiley}
	%filename:Richard Courant, D. Hilbert-Methods of Mathematical Physics. Volume 1-Wiley-VCH (1989)".djvu"
}

@book{hormander1973introduction,
	title={An Introduction to Complex Analysis in Several Variables},
	author={Hormander, L.},
	isbn={9780444105233},
	lccn={73081532},
	series={North-Holland Mathematical Library},
	url={https://books.google.es/books?id=MaM7AAAAQBAJ},
	year={1973},
	publisher={Elsevier Science}
	%filename:"L. Hormander-An introduction to complex analysis in several variables-North Holland (1990).djvu"
}

@book{krantz2002primer,
	title={A primer of real analytic functions},
	author={Krantz, Steven G and Parks, Harold R},
	year={2002},
	publisher={Springer Science \& Business Media}
	%filename:"Steven G. Krantz, Harold R. Parks-A Primer of Real Analytic Functions, Second Edition (2002).pdf"
}

@thesis{TIL,
	author    = "Pighin, Dario",
	title     = "Comportamento al bordo della mappa di Riemann",
	school    = "Universita degli Studi di Roma ``Tor Vergata''",
	%type     = "bachelor thesis",
	%address  = "",
	year      = "2014",
	%month    = "",
	%note     = "",
}

@article{kang2018boundary,
	title={Boundary Constrained Control of Delayed Nonlinear Schrodinger Equation},
	author={Kang, Wen and Fridman, Emilia},
	journal={IEEE Transactions on Automatic Control},
	year={2018},
	publisher={IEEE}
}

@article{mityagin2015zero,
	title={The zero set of a real analytic function},
	author={Mityagin, Boris},
	journal={arXiv preprint arXiv:1512.07276},
	year={2015}
}

@book{warner2013foundations,
	title={Foundations of differentiable manifolds and Lie groups},
	author={Warner, Frank W},
	volume={94},
	year={2013},
	publisher={Springer Science \& Business Media}
}

@manual{ROP,
	title		= "Optimal Control of Partial Differential Equations",
	author		= "Raymond, Jean-Pierre",
	organization	= "Universit\’e Paul Sabatier",
	%address	= "",
	%edition	= "",
	year		= "",
	%month		= "",
	%note		= "",
	%filename:"Raymond_OptimalControl.pdf".
}

@manual{OTN,
	title		= "Operator Theory on Hilbert spaces",
	author		= "Nagy, Gabriel",
	organization	= "Kansas State University ",
	%address	= "",
	%edition	= "",
	year		= "",
	%month		= "",
	%note		= "",
	% available at the link:"https://www.math.ksu.edu/~nagy/real-an/2-07-op-th.pdf".
}

@article{rapaport2005competition,
	title={Competition between most rapid approach paths: necessary and sufficient conditions},
	author={Rapaport, Alain and Cartigny, Pierre},
	journal={Journal of optimization theory and applications},
	volume={124},
	number={1},
	pages={1--27},
	year={2005},
	publisher={Springer}
}

@article{quincampoix2011existence,
	title={On the existence of a limit value in some nonexpansive optimal control problems},
	author={Quincampoix, Marc and Renault, J{\'e}r{\^o}me},
	journal={SIAM Journal on Control and Optimization},
	volume={49},
	number={5},
	pages={2118--2132},
	year={2011},
	publisher={SIAM}
}

@article{quincampoix2013metric,
	title={Metric regularity and stability of optimal control problems for linear systems},
	author={Quincampoix, Marc and Veliov, Vladimir M},
	journal={SIAM Journal on Control and Optimization},
	volume={51},
	number={5},
	pages={4118--4137},
	year={2013},
	publisher={SIAM}
}

@article{buckdahn2015representation,
	title={On representation formulas for long run averaging optimal control problem},
	author={Buckdahn, R and Quincampoix, Marc and Renault, J},
	journal={Journal of Differential Equations},
	volume={259},
	number={11},
	pages={5554--5581},
	year={2015},
	publisher={Elsevier}
}

@article{li2015limit,
	title={Limit value for optimal control with general means},
	author={Li, Xiaoxi and Quincampoix, Marc and Renault, J{\'e}r{\^o}me},
	journal={arXiv preprint arXiv:1503.05238},
	year={2015}
}

@inproceedings{arisawa1997ergodic,
	title={Ergodic problem for the Hamilton-Jacobi-Bellman equation. I. Existence of the ergodic attractor},
	author={Arisawa, Mariko},
	booktitle={Annales de l'Institut Henri Poincare (C) Non Linear Analysis},
	volume={14},
	number={4},
	pages={415--438},
	year={1997},
	organization={Elsevier}
}

@inproceedings{arisawa1998ergodic,
	title={Ergodic problem for the Hamilton-Jacobi-Bellman equation. II},
	author={Arisawa, Mariko},
	booktitle={Annales de l'Institut Henri Poincare (C) Non Linear Analysis},
	volume={15},
	number={1},
	pages={1--24},
	year={1998},
	organization={Elsevier}
}

@article{barles2006ergodic,
	title={Ergodic type problems and large time behaviour of unbounded solutions of Hamilton--Jacobi equations},
	author={Barles, Guy and Roquejoffre, Jean-Michel},
	journal={Communications in Partial Differential Equations},
	volume={31},
	number={8},
	pages={1209--1225},
	year={2006},
	publisher={Taylor \& Francis}
}

@article{barles2017large,
	title={Large time behavior of unbounded solutions of first-order Hamilton-Jacobi equations in the whole space},
	author={Barles, Guy and Ley, Olivier and Nguyen, Thi-Tuyen and Phan, Thanh},
	year={2017}
}

@article{trelat2018steady,
	title={Steady-state and periodic exponential turnpike property for optimal control problems in Hilbert spaces},
	author={Tr{\'e}lat, Emmanuel and Zhang, Can and Zuazua, Enrique},
	journal={SIAM Journal on Control and Optimization},
	volume={56},
	number={2},
	pages={1222--1252},
	year={2018},
	publisher={SIAM}
		%filename:"periodic_turnpike.pdf"
}

@manual{DGF,
	title		= "Differential Calculus and Variational Methods",
	author		= "",
	organization	= "",
	%address	= "",
	%edition	= "",
	year		= "",
	%month		= "",
	%note		= "",
	%filename:"differentiation on banach spaces.pdf".
}

@article{cazenave2006introduction,
	title={An introduction to semilinear elliptic equations},
	author={Cazenave, Thierry},
	journal={Laboratoire Jacques-Louis Lions},
	volume={164},
	year={2006}
}

@manual{cazenave2006introduction,
	title		= "An introduction to semilinear elliptic equations",
	author		= "Cazenave, Thierry",
	organization	= "Laboratoire Jacques-Louis Lions, Universit\’e Pierre et Marie Curie",
	%address	= "",
	%edition	= "",
	year		= "",
	%month		= "",
	%note		= "",
	%filename:"Cazenave_semilinear.pdf".
}

@article{chen1993priori,
	title={A priori estimates for solutions to nonlinear elliptic equations},
	author={Chen, Wenxiong and Li, Congming},
	journal={Archive for rational mechanics and analysis},
	volume={122},
	number={2},
	pages={145--157},
	year={1993},
	publisher={Springer}
	%filename:"Wenxiong Chen; Congming Li -- A priori estimates for solutions to nonlinear elliptic equations.pdf"
}

@article{mignot1980classe,
	title={Sur une classe de problemes non lineaires avec non linearite positive, croissante, convexe.},
	author={Mignot, Fulbert and Puel, Jean-Pierre},
	journal={Communications in Partial Differential Equations},
	volume={5},
	number={8},
	pages={791--836},
	year={1980},
	publisher={Taylor \& Francis}
	%filename:"Mignot, Fulbert; Puel, Jean-Pierre -- Sur une classe de problemes non lineaires avec non linear.pdf"
}

@article{crandall1992user,
	title={User’s guide to viscosity solutions of second order partial differential equations},
	author={Crandall, Michael G and Ishii, Hitoshi and Lions, Pierre-Louis},
	journal={Bulletin of the American mathematical society},
	volume={27},
	number={1},
	pages={1--67},
	year={1992}
	%filename:"user's guide to viscosity solutions.pdf"
}

@article{zeidler66025nonlinear,
	title={Nonlinear Functional Analysis and its Applications II/B, Nonlinear Monotone Operators, 1990},
	author={Zeidler, E},
	journal={Dumitru Motreanu D{\'e}partement de Math{\'e}matiques, Universit{\'e} de Perpignan},
	volume={66025}
}

@book{glowinski2008exact,
	title={Exact and Approximate Controllability for Distributed Parameter Systems: A Numerical Approach (Encyclopedia of Mathematics and its Applications)},
	author={Glowinski, Roland and Lions, Jacques-Louis and He, Jiwen},
	year={2008},
	publisher={Cambridge University Press}
	%filename:"Roland Glowinski, Jacques-Louis Lions, Jiwen He-Exact and Approximate Controllability for Distributed Parameter Systems_ A Numerical Approa.pdf"
}

@book{boccardo2013elliptic,
	title={Elliptic Partial Differential Equations: Existence and Regularity of Distributional Solutions},
	author={Boccardo, L. and Croce, G.},
	isbn={9783110315424},
	lccn={2013029476},
	series={De Gruyter Studies in Mathematics},
	url={https://books.google.es/books?id=K9fmBQAAQBAJ},
	year={2013},
	publisher={De Gruyter}
	%filename:"Lucio Boccardo, Gisella Croce - Elliptic Partial Differential Equations (2013, De Gruyter).pdf"
}

@article{brezis1978strongly,
	title={Strongly nonlinear elliptic boundary value problems},
	author={Brezis, H and Browder, FE},
	journal={Annali della Scuola Normale Superiore di Pisa-Classe di Scienze},
	volume={5},
	number={3},
	pages={587--603},
	year={1978},
	publisher={Scuola normale superiore}
	%filename:"Strongly_nonlinear_PDE_BrezisBrowder.pdf"
}

@book{leveque2007finite,
	title={Finite difference methods for ordinary and partial differential equations: steady-state and time-dependent problems},
	author={LeVeque, Randall J},
	volume={98},
	year={2007},
	publisher={Siam}
	%filename:"Finite-Difference-Methods-for-Ordinary-and-Partial-Differential-Equations-Steady-State-and-Time-Dependent-Problems-Classics-in-Applied-Mathematics-.pdf".
}

@article{ccimen2011existence,
	title={On the Existence of Solutions Characterized by Riccati Equations to Infinite-Time Horizon Nonlinear Optimal Control Problems},
	author={{\c{C}}imen, Tayfun},
	journal={IFAC Proceedings Volumes},
	volume={44},
	number={1},
	pages={9618--9626},
	year={2011},
	publisher={Elsevier}
	%filename:"On the Existence of Solutions Characterized by Riccati Equations to Infinite-Time Horizon Nonlinear Optimal Control Problems.pdf"
}

@mastersthesis{OBT,
	author    = "Geshkovski, Borjan",
	title     = "OBSTACLE PROBLEMS: THEORY AND
	APPLICATIONS",
	school    = "Universit\’e de Bordeaux",
	%type     = "diploma thesis",
	%address  = "",
	year      = "2018",
	%month    = "",
	%note     = "",
}

@inproceedings{rantzer2014control,
	title={Control of convex-monotone systems},
	author={Rantzer, Anders and Bernhardsson, Bo},
	booktitle={Decision and Control (CDC), 2014 IEEE 53rd Annual Conference on},
	pages={2378--2383},
	year={2014},
	organization={IEEE}
	%filename:"ControlConvexMonotoneSystems_Rantzer.pdf"
}

@book{smith2008monotone,
	title={Monotone dynamical systems: an introduction to the theory of competitive and cooperative systems},
	author={Smith, Hal L},
	number={41},
	year={2008},
	publisher={American Mathematical Soc.}
	%filename:"Hal L. Smith-Monotone Dynamical Systems_ An Introduction to the Theory of Competitive and Cooperative Systems-American Mathematical Society (2008).djvu"
}

@article{el2015using,
	title={Using MVMO for Optimal Tuning of Linear Quadratic Regulators for DFIG-WT},
	author={El-Naggar, Ahmed and Korai, Abdulwahab and Erlich, Istv{\`a}n},
	journal={IFAC-PapersOnLine},
	volume={48},
	number={30},
	pages={479--484},
	year={2015},
	publisher={Elsevier}
	%filename:"LQR_elect_net_1.pdf"
}

@article{benaissa2015adaptive,
	title={An Adaptive Linear Quadratic Regulator for Three-phase UPS System Powering Nonlinear Loads},
	author={Benaissa, A and Rabhi, B and Benkhoris, MF and Zellouma, L},
	journal={Energy Procedia},
	volume={74},
	pages={1100--1111},
	year={2015},
	publisher={Elsevier}
	%filename:"LQR_elect_net_2.pdf"
}

@inproceedings{mata2016design,
	title={Design of buck DC-DC converters from the linear quadratic regulator approach},
	author={Mata-Hernandez, Diana and Gonzalez-Diaz, Victor R and Guerrero-Castellanos, J Fermi and Mino-Aguilar, Gerardo and Pareschi, Fabio},
	booktitle={Power Electronics and Motion Control Conference (PEMC), 2016 IEEE International},
	pages={952--956},
	year={2016},
	organization={IEEE}
	%filename:"LQR_elect_net_3.pdf"
}

@inproceedings{vinifa2016linear,
	title={Linear quadratic regulator based current control of grid connected inverter for Renewable Energy Applications},
	author={Vinifa, R and Kavitha, A},
	booktitle={Energy Efficient Technologies for Sustainability (ICEETS), 2016 International Conference on},
	pages={106--111},
	year={2016},
	organization={IEEE}
	%filename:"LQR_elect_net_4.pdf"
}

@article{wang2017linear,
	title={Linear quadratic regulator control of LC active power filter without reference current detection},
	author={Wang, Yingpin and Xie, Yunxiang and Wang, Zhiping},
	journal={IEICE Electronics Express},
	volume={14},
	number={18},
	pages={20170785--20170785},
	year={2017},
	publisher={The Institute of Electronics, Information and Communication Engineers}
	%filename:"LQR_elect_net_5.pdf"
}

@inproceedings{jaen2006linear,
	title={A linear-quadratic regulator with integral action applied to pwm dc-dc converters},
	author={Jaen, Carles and Pou, Josep and Pindado, Rafael and Sala, Vicenc and Zaragoza, Jordi},
	booktitle={IEEE Industrial Electronics, IECON 2006-32nd Annual Conference on},
	pages={2280--2285},
	year={2006},
	organization={IEEE}
		%filename:"LQR_elect_net_6.pdf"
}

@inproceedings{costa2001design,
	title={Design of linear quadratic regulators for quasi-resonant DC-DC converters},
	author={Costa, JM Dores},
	booktitle={Power Electronics Specialists Conference, 2001. PESC. 2001 IEEE 32nd Annual},
	volume={1},
	pages={422--426},
	year={2001},
	organization={IEEE}
	%filename:"LQR_elect_net_7.pdf"
}

@article{hasanzadeh2011optimal,
	title={Optimal tuning of linear controllers for power electronics/power systems applications},
	author={Hasanzadeh, Amin and Edrington, Chris S and Mokhtari, Hossein},
	journal={Electric Power Systems Research},
	volume={81},
	number={12},
	pages={2188--2197},
	year={2011},
	publisher={Elsevier}
	%filename:"LQR_elect_net_8.pdf"
}

@inproceedings{hasanzadeh2011novel,
	title={A novel LQR based optimal tuning method for IMP-based linear controllers of power electronics/power systems},
	author={Hasanzadeh, Amin and Edrington, Chris S and Mokhtari, H},
	booktitle={Decision and Control and European Control Conference (CDC-ECC), 2011 50th IEEE Conference on},
	pages={7711--7716},
	year={2011},
	organization={IEEE}
		%filename:"LQR_elect_net_9.pdf"
}

@article{benaissa2014linear,
	title={A linear quadratic regulator control of a stand-alone PEM fuel cell power plant},
	author={Benaissa, Amar and Rabhi, Boualaga and Moussi, Ammar and Aissa, Dahmani},
	journal={Frontiers in Energy},
	volume={8},
	number={1},
	pages={62--72},
	year={2014},
	publisher={Springer}
			%filename:"LQR_elect_net_10.pdf"
}

@inproceedings{deville2015overview,
	title={An overview of blind source separation methods for linear-quadratic and post-nonlinear mixtures},
	author={Deville, Yannick and Duarte, Leonardo Tomazeli},
	booktitle={International Conference on Latent Variable Analysis and Signal Separation},
	pages={155--167},
	year={2015},
	organization={Springer}
	%filename:"Emmanuel; Yeredor, Arie; Koldovský, Zbyněk; TichavskÃ -- [Lecture Notes in Computer Science] Latent Variable Analysis and Signal Separation Volume 9237 __ .pdf"
}

@article{scharf1988kramers,
	title={Kramers' degeneracy and quartic level repulsion},
	author={Scharf, R and Dietz, B and Ku{\'s}, M and Haake, F and Berry, MV},
	journal={EPL (Europhysics Letters)},
	volume={5},
	number={5},
	pages={383},
	year={1988},
	publisher={IOP Publishing}
	%filname:"lq_appl.pdf"
}

@incollection{1992441,
	title = "Chapter 11: The Time-Optimal Control Theory of Nonlinear Systems of Neutral Type",
	editor = "E.N. Chukwu",
	series = "Mathematics in Science and Engineering",
	publisher = "Elsevier",
	volume = "188",
	pages = "441 - 471",
	year = "1992",
	booktitle = "Stability and Time-Optimal Control of Hereditary Systems",
	issn = "0076-5392",
	doi = "https://doi.org/10.1016/S0076-5392(09)60179-X",
	url = "http://www.sciencedirect.com/science/article/pii/S007653920960179X"
}

@article{altmann2014some,
	title={On some optimal control problems for electrical circuits},
	author={Altmann, Kristof and Stingelin, Simon and Tr{\"o}ltzsch, Fredi},
	journal={International Journal of Circuit Theory and Applications},
	volume={42},
	number={8},
	pages={808--830},
	year={2014},
	publisher={Wiley Online Library}
	%filename:"optimal_control_electrical_circuits.pdf"
}

@book{dacorogna2007direct,
	title={Direct methods in the calculus of variations},
	author={Dacorogna, Bernard},
	volume={78},
	year={2007},
	publisher={Springer Science \& Business Media}
}

@inproceedings{markovic2018fast,
	title={Fast Frequency Control Scheme through Adaptive Virtual Inertia Emulation},
	author={Markovic, Uros and Chu, Zhongda and Aristidou, Petros and Hug, Gabriela},
	booktitle={Proceedings of the IEEE PES ISGT Asia 2018},
	year={2018},
	organization={Leeds}
	%filename:"LQR_elect_net_11.pdf"
}

@book{christensen2013optimal,
	title={Optimal control applications in electric power systems},
	author={Christensen, Gustav S and El-Hawary, Mohamed E and Soliman, SA},
	volume={35},
	year={2013},
	publisher={Springer Science \& Business Media}
	%filename:"G. S. Christensen, M. E. El-Hawary, S. A. Soliman (auth.)-Optimal Control Applications in Electric Power Systems-Springer US (1987).pdf"
}

@article{yu1970application,
	title={Application of an optimal control theory to a power system},
	author={Yu, Yao-nan and Vongsuriya, Khien and Wedman, Leonard N},
	journal={IEEE Transactions on Power Apparatus and Systems},
	number={1},
	pages={55--62},
	year={1970},
	publisher={IEEE}
	%filename:"LQR_elect_net_12.pdf"
}

@inproceedings{torres2011optimal,
	title={An optimal virtual inertia controller to support frequency regulation in autonomous diesel power systems with high penetration of renewables},
	author={Torres, Miguel and Lopes, Luiz AC},
	booktitle={Proceedings of the International Conference on Renewable Energies and Power Quality (ICREPQ 11), la Palmas de Gran Canaria, Spain},
	pages={13--15},
	year={2011}
	%filename:"LQR_elect_net_13.pdf"
}

@article{nirenberg1956estimates,
	title={Estimates and existence of solutions of elliptic equations},
	author={Nirenberg, Louis},
	journal={Communications on Pure and Applied Mathematics},
	volume={9},
	number={3},
	pages={509--529},
	year={1956},
	publisher={Wiley Online Library}
	%filename:"Louis Nirenberg -- Estimates and existence of solutions of elliptic equations.pdf"
}

@book{cannarsa2004semiconcave,
	title={Semiconcave functions, Hamilton-Jacobi equations, and optimal control},
	author={Cannarsa, Piermarco and Sinestrari, Carlo},
	volume={58},
	year={2004},
	publisher={Springer Science \& Business Media}
	%filename:"[Piermarco_Cannarsa,_Carlo_Sinestrari]_Semiconcave(b-ok.xyz).pdf"
}

@misc{mclean2000strongly,
	title={Strongly elliptic systems and boundary integral operators},
	author={McLean, W},
	year={2000},
	publisher={Cambridge University Press, Cambridge, UK}
	%filename:"William McLean - Strongly Elliptic Systems and Boundary Integral Equations   (2000, Cambridge University Press).djvu"
}

@book{folland1995introduction,
	title={Introduction to Partial Differential Equations},
	author={Folland, G.B.},
	isbn={9780691043616},
	lccn={95032308},
	url={https://books.google.es/books?id=puM9DwAAQBAJ},
	year={1995},
	publisher={Princeton University Press}
	%filename:"Gerald B. Folland-Introduction to partial differential equations-Princeton University Press (1995).pdf"
}

@book{kato2013perturbation,
	title={Perturbation theory for linear operators},
	author={Kato, Tosio},
	volume={132},
	year={2013},
	publisher={Springer Science \& Business Media}
	%filename:"Kato.pdf"
}

@book{rudin2006real,
	title={Real and complex analysis},
	author={Rudin, Walter},
	year={2006},
	publisher={Tata McGraw-Hill Education}
	%filename:"[Walter_Rudin]_Real_and_complex_analysis(BookFi.org).pdf"
}

@article{berberich2018indefinite,
	title={Indefinite linear quadratic optimal control: Strict dissipativity and turnpike properties},
	author={Berberich, Julian and K{\"o}hler, Johannes and Allg{\"o}wer, Frank and M{\"u}ller, Matthias A},
	journal={IEEE Control Systems Letters},
	year={2018},
	publisher={IEEE}
	%filename:"IndefiniteLQDissipativityTurnpike.pdf"
}

@article{grüne2018turnpike,
	title={Turnpike properties and strict dissipativity for discrete time linear quadratic optimal control problems},
	author={Grüne, Lars and Guglielmi, Roberto},
	journal={SIAM Journal on Control and Optimization},
	volume={56},
	number={2},
	pages={1282--1302},
	year={2018},
	publisher={SIAM}
	%filename:DiscreteLQDissipativityTurnpike.pdf
}

@article{hernandez2017greedy,
	title={Greedy optimal control for elliptic problems and its application to turnpike problems},
	author={Hern{\'a}ndez-Santamar{\'\i}a, V{\'\i}ctor and Lazar, Martin and Zuazua, Enrique},
	year={2017}
	%filename:Greedy_OCP_elliptic.pdf
}

@article {MR0125307,
	AUTHOR = {Agmon, S. and Douglis, A. and Nirenberg, L.},
	TITLE = {Estimates near the boundary for solutions of elliptic partial
	differential equations satisfying general boundary conditions.
	{I}},
	JOURNAL = {Comm. Pure Appl. Math.},
	FJOURNAL = {Communications on Pure and Applied Mathematics},
	VOLUME = {12},
	YEAR = {1959},
	PAGES = {623--727},
	ISSN = {0010-3640},
	MRCLASS = {35.43},
	MRNUMBER = {0125307},
	MRREVIEWER = {E. Magenes},
	DOI = {10.1002/cpa.3160120405},
	URL = {https://doi.org/10.1002/cpa.3160120405},
	%filename:"S. Agmon; A. Douglis; L. Nirenberg -- Estimates near the boundary for solutions of elliptic partial.pdf"
}

@book{conway2013course,
	title={A course in functional analysis},
	author={Conway, John B},
	volume={96},
	year={2013},
	publisher={Springer Science \& Business Media}
	%filename:"John B. Conway A course in functional analysis  1997.pdf"
}

@book{francis1987course,
	title={A course in H [infinity] control theory},
	author={Francis, Bruce A},
	year={1987},
	publisher={Berlin; New York: Springer-Verlag}
	%filename:"Francis_A course in H-infinity control theory.pdf"
}

@book{lancaster1995algebraic,
	title={Algebraic riccati equations},
	author={Lancaster, Peter and Rodman, Leiba},
	year={1995},
	publisher={Clarendon press}
}

@article{sakamoto2002analysis,
	title={Analysis of the Hamilton--Jacobi Equation in Nonlinear Control Theory by Symplectic Geometry},
	author={Sakamoto, Noboru},
	journal={SIAM journal on control and optimization},
	volume={40},
	number={6},
	pages={1924--1937},
	year={2002},
	publisher={SIAM}
	%filename:"NonLinearHJ_Sakamoto.pdf"
}

@book{bittanti2012riccati,
	title={The Riccati Equation},
	author={Bittanti, Sergio and Laub, Alan J and Willems, Jan C},
	year={2012},
	publisher={Springer Science \& Business Media}
	%filename:"Sergio Bittanti (auth.), Sergio Bittanti, Alan J. Laub, Jan C. Willems (eds.)-The Riccati Equation-Springer-Verlag Berlin Heidelberg (1991).pdf"
}

@book{barnett1983polynomials,
	title={Polynomials and linear control systems (Pure and applied mathematics)},
	author={Barnett, S},
	year={1983},
	publisher={New York: Marcel Dekker}
	%fielname:""
}

@manual{OCM,
	title		= "Introduction to optimal control theory and the stable manifold method",
	author		= "Sakamoto, Noboru",
	organization	= "Nanzan University",
	%address	= "",
	%edition	= "",
	year		= "2018",
	%month		= "",
	%note		= "",
	% available in paper-based version.
}

@book{Samuelson1,
	title={Linear Programming and Economic Analysis},
	author={Dorfman, R. and Samuelson, P.A. and Solow, R.M.},
	isbn={9780486654911},
	lccn={87024382},
	series={Dover Books on Advanced Mathematics},
	url={https://books.google.it/books?id=k5\_vzaCNQP4C},
	year={1958},
	publisher={Dover Publications}
	%filename:"robert dorfman paul a. samuelson robert m. solow-linear programming and economic analysis-dover publications (1987).pdf"
}

@article{Samuelson1972,
	title = "The general saddlepoint property of optimal-control motions",
	journal = "Journal of Economic Theory",
	volume = "5",
	number = "1",
	pages = "102 - 120",
	year = "1972",
	note = "",
	issn = "0022-0531",
	doi = "http://dx.doi.org/10.1016/0022-0531(72)90121-4",
	url = "http://www.sciencedirect.com/science/article/pii/0022053172901214",
	author = "Paul A Samuelson",
	%filename:"Nissan Liviatan; Paul A Samuelson -- Notes on Turnpikes- Stable and unstable.pdf"
}

@article{LS,
	title = "Notes on Turnpikes: Stable and unstable",
	journal = "Journal of Economic Theory",
	volume = "1",
	number = "4",
	pages = "454 - 475",
	year = "1969",
	note = "",
	issn = "0022-0531",
	doi = "http://dx.doi.org/10.1016/0022-0531(69)90028-3",
	url = "http://www.sciencedirect.com/science/article/pii/0022053169900283",
	author = "Nissan Liviatan and Paul A Samuelson",
	%filename:"Paul A Samuelson -- The general saddlepoint property of optimal-control motions.pdf"
}

@manual{TTG,
	title		= "Boundary-Value Problems for P.D.E.s",
	author		= "Visintin, Augusto",
	organization	= "Universita di Trento",
	%address	= "",
	%edition	= "",
	%year		= "",
	%month		= "",
	%note		= "",
	%filename:"PDE_trento.pdf"
}

@article{lazar2016greedy,
	title={Greedy controllability of finite dimensional linear systems},
	author={Lazar, Martin and Zuazua, Enrique},
	journal={Automatica},
	volume={74},
	pages={327--340},
	year={2016},
	publisher={Elsevier}
	%filename:"Greedy_Controllability_Finite_Dim.pdf"
}

@book{abou2012matrix,
	title={Matrix Riccati Equations in Control and Systems Theory},
	author={Abou-Kandil, H. and Freiling, G. and Ionescu, V. and Jank, G.},
	isbn={9783034880817},
	series={Systems \& Control: Foundations \& Applications},
	url={https://books.google.es/books?id=SCHyBwAAQBAJ},
	year={2012},
	publisher={Birkh{\"a}user Basel}
	%filenbame:"Matrix-Riccati-Equations-in-Control-and-Systems-Theory.pdf"
}

@article{allaire2010long,
	title={Long time behavior of a two-phase optimal design for the heat equation},
	author={Allaire, Gr{\'e}goire and M{\"u}nch, Arnaud and Periago, Francisco},
	journal={SIAM Journal on Control and Optimization},
	volume={48},
	number={8},
	pages={5333--5356},
	year={2010},
	publisher={SIAM}
}

@article{anderson1987optimal,
	title={Optimal control problems over large time intervals},
	author={Anderson, Brian DO and Kokotovic, Petar V},
	journal={Automatica},
	volume={23},
	number={3},
	pages={355--363},
	year={1987},
	publisher={Elsevier}
	%filename:"Optimal Control Problems over Large Time-Kokotovic.pdf"
}

@book{carlson2012infinite,
	title={Infinite Horizon Optimal Control: Deterministic and Stochastic Systems},
	author={Carlson, D.A. and Haurie, A.B. and Leizarowitz, A.},
	isbn={9783642767555},
	url={https://books.google.es/books?id=gF3mCAAAQBAJ},
	year={2012},
	publisher={Springer Berlin Heidelberg}
}

@article{damm2014exponential,
	title={An exponential turnpike theorem for dissipative discrete time optimal control problems},
	author={Damm, Tobias and Grüne, Lars and Stieler, Marleen and Worthmann, Karl},
	journal={SIAM Journal on Control and Optimization},
	volume={52},
	number={3},
	pages={1935--1957},
	year={2014},
	publisher={SIAM}
	%filename:"exp_turnpike_grune.pdf"
}

@article{DOEDEL1989155,
	title = "Numerical computation of heteroclinic orbits",
	journal = "Journal of Computational and Applied Mathematics",
	volume = "26",
	number = "1",
	pages = "155 - 170",
	year = "1989",
	issn = "0377-0427",
	doi = "https://doi.org/10.1016/0377-0427(89)90153-2",
	url = "http://www.sciencedirect.com/science/article/pii/0377042789901532",
	author = "Eusebius J. Doedel and Mark J. Friedman",
	keywords = "Heteroclinic orbits, traveling waves, numerical computation and continuation, weighted Sobolev spaces, approximation of nonlinear problems"
	%filename:"numerical_comput_eter_orbits.pdf"
}

@article{grune2013economic,
	title={Economic receding horizon control without terminal constraints},
	author={Gr{\"u}ne, Lars},
	journal={Automatica},
	volume={49},
	number={3},
	pages={725--734},
	year={2013},
	publisher={Elsevier}
	%filename:"gruene_ecompc_2011.pdf"
}

@article{haurie1976optimal,
	title={Optimal control on an infinite time horizon: the turnpike approach},
	author={Haurie, A},
	journal={Journal of Mathematical Economics},
	volume={3},
	number={1},
	pages={81--102},
	year={1976},
	publisher={Elsevier}
}

@article{lentini1980boundary,
	title={Boundary value problems on semi-infinite intervals and their numerical solution},
	author={Lentini, Marianela and Keller, Herbert B},
	journal={SIAM Journal on Numerical Analysis},
	volume={17},
	number={4},
	pages={577--604},
	year={1980},
	publisher={SIAM}
	%filename:"seminfinite_time _horizon_problem.pdf"
}

@article{mckenzie1963turnpike,
	title={Turnpike theorems for a generalized Leontief model},
	author={McKenzie, Lionel W},
	journal={Econometrica: Journal of the Econometric Society},
	pages={165--180},
	year={1963},
	publisher={JSTOR}
}


@article{mckenzie1976turnpike,
	title={Turnpike theory},
	author={McKenzie, Lionel W},
	journal={Econometrica: Journal of the Econometric Society},
	pages={841--865},
	year={1976},
	publisher={JSTOR}
}

@article{doi:10.1002/zamm.19630431023,
	author = {L. S. Pontryagin and V. G. Boltyanskii and R. V. Gamkrelidze and E. F. Mishechenko},
	title = {The Mathematical Theory of Optimal Processes. VIII + 360 S. New York/London 1962. John Wiley \& Sons. Preis 90/–},
	journal = {ZAMM - Journal of Applied Mathematics and Mechanics / Zeitschrift für Angewandte Mathematik und Mechanik},
	volume = {43},
	number = {10‐11},
	pages = {514-515},
	doi = {10.1002/zamm.19630431023},
	url = {https://onlinelibrary.wiley.com/doi/abs/10.1002/zamm.19630431023},
	eprint = {https://onlinelibrary.wiley.com/doi/pdf/10.1002/zamm.19630431023}
	%filename:"(Classics of Soviet Mathematics) L.S. Pontryagin-Mathematical Theory of Optimal Processes-CRC Press (1987).pdf"
}

@article{rapaport2004turnpike,
	title={Turnpike theorems by a value function approach},
	author={Rapaport, Alain and Cartigny, Pierre},
	journal={ESAIM: control, optimisation and calculus of variations},
	volume={10},
	number={1},
	pages={123--141},
	year={2004},
	publisher={EDP Sciences}
	%filename:"turnpike_theorems_by_a_value_function_approach.pdf"
}

@article{rockafellar1973saddle,
	title={Saddle points of Hamiltonian systems in convex problems of Lagrange},
	author={Rockafellar, RT},
	journal={Journal of Optimization Theory and Applications},
	volume={12},
	number={4},
	pages={367--390},
	year={1973},
	publisher={Springer}
	%filename:"rockafellar1973.pdf"
}

@article{wilde1972dichotomy,
	title={A dichotomy in linear control theory},
	author={Wilde, R and Kokotovic, P},
	journal={IEEE Transactions on Automatic control},
	volume={17},
	number={3},
	pages={382--383},
	year={1972},
	publisher={IEEE}
	%filename:"dicotomy_Kokotovich.pdf"
}

@article{cardaliaguet2012long,
	title={Long time average of mean field games},
	author={Cardaliaguet, Pierre and Lasry, Jean-Michel and Lions, Pierre-Louis and Porretta, Alessio and others},
	journal={NHM},
	volume={7},
	number={2},
	pages={279--301},
	year={2012}
}

@article{cardaliaguet2013long,
	title={Long time average of mean field games with a nonlocal coupling},
	author={Cardaliaguet, Pierre and Lasry, J-M and Lions, P-L and Porretta, Alessio},
	journal={SIAM Journal on Control and Optimization},
	volume={51},
	number={5},
	pages={3558--3591},
	year={2013},
	publisher={SIAM}
}

@article{asseo1969optimal,
	title={Optimal control of a servo derived from nonquadratic performance criteria},
	author={Asseo, S},
	journal={IEEE Transactions on Automatic Control},
	volume={14},
	number={4},
	pages={404--407},
	year={1969},
	publisher={IEEE}
}

@article{ali2016global,
	title={Global minima for semilinear optimal control problems},
	author={Ali, Ahmad Ahmad and Deckelnick, Klaus and Hinze, Michael},
	journal={Computational Optimization and Applications},
	volume={65},
	number={1},
	pages={261--288},
	year={2016},
	publisher={Springer}
	%filename:"AhmadAli2016_Article_GlobalMinimaForSemilinearOptim.pdf"
}

@article{ali2017error,
	title={Error analysis for global minima of semilinear optimal control problems},
	author={Ali, Ahmad Ahmad and Deckelnick, Klaus and Hinze, Michael},
	journal={arXiv preprint arXiv:1705.01201},
	year={2017}
	%filename:"1705.01201.pdf"
}

@article{prodi2011comparative,
  title={Comparative investigation of Pludix disdrometer capability as Present Weather Sensor (PWS) during the Wasserkuppe campaign},
  author={Prodi, Franco and Caracciolo, Clelia and D'Adderio, Leo Pio and Gnuffi, Matteo and Lanzinger, Eckhard},
  journal={Atmospheric research},
  volume={99},
  number={1},
  pages={162--173},
  year={2011},
  publisher={Elsevier}
%filename:Gnuffi_paper.pdf
}

@unpublished{TDZ,
	author	= "Zaslavski, Alexander J",
	title	= "Turnpike properties in the calculus of variations and optimal control",
	year	= "2018",
	month	= "May",
	note	= "",
	%filename:"Turnpike- Calculus of Variations_Talk_Zaslavski.pdf"
}

@book{audin2012torus,
  title={Torus Actions on Symplectic Manifolds},
  author={Audin, M.},
  isbn={9783034879606},
  lccn={91006644},
  series={Progress in Mathematics},
  url={https://books.google.es/books?id=Qh\_yBwAAQBAJ},
  year={2012},
  publisher={Birkh{\"a}user Basel}
  %filename:"Torus Actions on Symplectic Manifolds.djvu"
}

@article{martin1982connected,
	title={Connected level sets, minimizing sets, and uniqueness in optimization},
	author={Martin, Duncan Henry},
	journal={Journal of Optimization Theory and Applications},
	volume={36},
	number={1},
	pages={71--91},
	year={1982},
	publisher={Springer}
	%filename:"H. Martin -- Connected level sets, minimizing sets, and uniqueness in optimization.pdf"
}

@book{bardi2008optimal,
	title={Optimal control and viscosity solutions of Hamilton-Jacobi-Bellman equations},
	author={Bardi, Martino and Capuzzo-Dolcetta, Italo},
	year={2008},
	publisher={Springer Science \& Business Media}
	%filename:"Bardi&Capuzzo-Dolcetta.pdf"
}

@inproceedings{wang2017exponential,
	title={Exponential stabilization of nonlinear parabolic PDE systems via sampled-data fuzzy control approach},
	author={Wang, Zi-Peng and Wu, Huai-Ning and Li, Han-Xiong},
	booktitle={Control Conference (CCC), 2017 36th Chinese},
	pages={1620--1625},
	year={2017},
	organization={IEEE}
	%fileneame:"[doi 10.23919%2Fchicc.2017.8027582] Wang, Zi-Peng; Wu, Huai-Ning; Li, Han-Xiong";
}

@article{zuazua2017large,
	title={Large time control and turnpike properties for wave equations},
	author={Zuazua, Enrique},
	journal={Annual Reviews in Control},
	year={2017},
	publisher={Elsevier}
	%filename:"turnpike3.pdf"
}

@book{magal2008structured,
	title={Structured Population Models in Biology and Epidemiology},
	author={Magal, P. and Auger, P. and Ruan, S. and Ballyk, M. and de la Parra, R.B. and Fitzgibbon, W.E. and Gourley, S.A. and Jones, D. and Langlais, M. and Liu, R. and others},
	isbn={9783540782735},
	lccn={2008921368},
	series={Lecture Notes in Mathematics},
	url={https://books.google.es/books?id=lrxqCQAAQBAJ},
	year={2008},
	publisher={Springer Berlin Heidelberg}
	%filename:"Structured-population-models-in-biology-and-epidemiology.pdf"
}

@article{coron2017control,
	title={Control of three heat equations coupled with two cubic nonlinearities},
	author={Coron, Jean-Michel and Guilleron, Jean-Philippe},
	journal={SIAM Journal on Control and Optimization},
	volume={55},
	number={2},
	pages={989--1019},
	year={2017},
	publisher={SIAM}
	%filename:"Coron, Jean-Michel; Guilleron, Jean-Philippe -- Control of Three Heat Equations Coupled with Two Cubic Nonlin.pdf"
}

@article {MR2683708,
	AUTHOR = {Sakthivel, K. and Devipriya, G. and Balachandran, K. and Kim,
	J.-H.},
	TITLE = {Controllability of a reaction-diffusion system describing
	predator-prey model},
	JOURNAL = {Numer. Funct. Anal. Optim.},
	FJOURNAL = {Numerical Functional Analysis and Optimization. An
	International Journal},
	VOLUME = {31},
	YEAR = {2010},
	NUMBER = {7-9},
	PAGES = {831--851},
	ISSN = {0163-0563},
	MRCLASS = {93B05 (35K57 35Q92 92D25 93C20)},
	MRNUMBER = {2683708},
	MRREVIEWER = {Manuel Gonz\'{a}lez-Burgos},
	DOI = {10.1080/01630563.2010.493128},
	URL = {https://doi.org/10.1080/01630563.2010.493128},
	%filename:"Sakthivel, K.; Devipriya, G.; Balachandran, K.; Kim, J.-H. -- Controllability of a Reaction-D.pdf"
}

@inproceedings{fernandez1998remarks,
	title={Remarks on the approximate and null controllability of semilinear parabolic equations},
	author={Fern{\`a}ndez-Cara, Enrique},
	booktitle={ESAIM: Proceedings},
	volume={4},
	pages={73--81},
	year={1998},
	organization={EDP Sciences}
	%filename:"Z05.pdf"
}

@article{diaz1995positive,
	title={Positive and negative approximate controllability results for semilinear parabolic equations},
	author={D{\i}az, Jes{\'u}s Ildefonso and Ramos, AM},
	journal={Rev. Real Acad. Cienc. Exact. F{\i}s. Natur. Madrid},
	volume={89},
	number={1-2},
	pages={11--30},
	year={1995}
	%filename:"1995DiazRamosRealAcademia.pdf"
	%Theorem 3 page 11.
}

@article{chryssoverghi1999discrete,
	title={Discrete relaxed method for semilinear parabolic optimal control problem},
	author={Chryssoverghi, I and Coletsos, J and Kokkinis, B},
	journal={Control and Cybernetics},
	volume={28},
	pages={157--176},
	year={1999}
	%filename:"chryssoverghi_et_al.pdf"
}

@article{casas1997pontryagin,
	title={Pontryagin's principle for state-constrained boundary control problems of semilinear parabolic equations},
	author={Casas, Eduardo},
	journal={SIAM Journal on Control and Optimization},
	volume={35},
	number={4},
	pages={1297--1327},
	year={1997},
	publisher={SIAM}
	%filename:"Casas, Eduardo -- Pontryagin's Principle for State-Constrained Boundary Control Problems of Semilinear.pdf"
}

@article{barles1995dirichlet,
	title={The Dirichlet problem for semilinear second-order degenerate elliptic equations and applications to stochastic exit time control problems},
	author={Barles, Guy and Burdeau, Julien},
	journal={Communications in Partial Differential Equations},
	volume={20},
	number={1-2},
	pages={129--178},
	year={1995},
	publisher={Taylor \& Francis}
	%filename:"[doi 10.1080%2F03605309508821090] Barles, G.; Burdeau, J. -- The Dirichlet Problem for Semilinear Second-Order Degenerate Elli.pdf"
}

@article{casas1995optimal,
	title={Optimal control of quasilinear parabolic equations},
	author={Casas, Eduardo and Fernandez, Luis A and Yong, Jiongmin},
	journal={Proceedings of the Royal Society of Edinburgh Section A: Mathematics},
	volume={125},
	number={3},
	pages={545--565},
	year={1995},
	publisher={Royal Society of Edinburgh Scotland Foundation}
	%filename:"casas1995.pdf"
}

@article{casas1993boundary,
	title={Boundary control of semilinear elliptic equations with pointwise state constraints},
	author={Casas, Eduardo},
	journal={SIAM Journal on Control and Optimization},
	volume={31},
	number={4},
	pages={993--1006},
	year={1993},
	publisher={SIAM}
	%filename."Casaspointwise.pdf"
}

@article{bonnans1995extension,
	title={An extension of Pontryagin’s principle for state-constrained optimal control of semilinear elliptic equations and variational inequalities},
	author={Bonnans, Fr{\'e}d{\'e}ric and Casas, Eduardo},
	journal={SIAM Journal on Control and Optimization},
	volume={33},
	number={1},
	pages={274--298},
	year={1995},
	publisher={SIAM}
	%filename:"An_Extension_of_Pontryagin's_P.pdf"
}

@article{hu1990maximum,
	title={Maximum principle for semilinear stochastic evolution control systems},
	author={Hu, Ying and Peng, Shige},
	journal={Stochastics and Stochastic Reports},
	volume={33},
	number={3-4},
	pages={159--180},
	year={1990},
	publisher={Taylor \& Francis}
	%filename:"Hu, Ying; Peng, Shige -- Maximum principle for semilinear stochast.pdf"
}

@article{casas2002error,
	title={Error estimates for the finite-element approximation of a semilinear elliptic control problem},
	author={Casas, Eduardo and Tr{\"o}ltzsch, Fredi},
	journal={Control and Cybernetics},
	volume={31},
	number={3},
	pages={695--712},
	year={2002}
	%filename:"casas_troeltzsch.pdf"
}

@article{rosch2007regularity,
	title={On regularity of solutions and Lagrange multipliers of optimal control problems for semilinear equations with mixed pointwise control-state constraints},
	author={R{\"o}sch, Arnd and Tr{\"o}ltzsch, Fredi},
	journal={SIAM Journal on Control and Optimization},
	volume={46},
	number={3},
	pages={1098--1115},
	year={2007},
	publisher={SIAM}
	%filename:"060671565.pdf"
}

@article{ryu2004optimal,
	title={Optimal control problems governed by some semilinear parabolic equations},
	author={Ryu, Sang-Uk},
	journal={Nonlinear Analysis: Theory, Methods \& Applications},
	volume={56},
	number={2},
	pages={241--252},
	year={2004},
	publisher={Elsevier}
	%filename:"Sang-Uk Ryu -- Optimal control problems governed by some semilinear parabolic equations.pdf"
}

@article{meidner2008priori,
	title={A priori error estimates for space-time finite element discretization of parabolic optimal control problems part II: problems with control constraints},
	author={Meidner, Dominik and Vexler, Boris},
	journal={SIAM Journal on Control and Optimization},
	volume={47},
	number={3},
	pages={1301--1329},
	year={2008},
	publisher={SIAM}
	%filename:"070694028.pdf"
}

@article{diaz1994controllability,
	title={Controllability and obstruction for some non linear parabolic problems in Climatology},
	author={D{\'\i}az, JI},
	journal={Modelado de Sistemas en Oceanograf{\'\i}a, Climatolog{\'\i}a y Ciencias Medio-Ambientales, C. Pares y A. Valle (eds.), Universidad de M{\'a}laga},
	pages={43--58},
	year={1994}
}

@article{kamin1988classification,
	title={Classification of singular solutions of a nonlinear heat equation},
	author={Kamin, S and Peletier, Lambertus A and Vazquez, JL},
	year={1988}
	%filename:"414.pdf"
}

@article{figalliregularity,
	title={REGULARITY OF INTERFACES IN PHASE TRANSITIONS VIA OBSTACLE PROBLEMS},
	author={FIGALLI, ALESSIO}
	year = {2018},
	url = {https://arxiv.org/abs/1809.02932},
	%filename:"1809.02932v1.pdf"
}

@article{ito1996augmented,
	title={Augmented Lagrangian--SQP methods for nonlinear optimal control problems of tracking type},
	author={Ito, Kazufumi and Kunisch, Karl},
	journal={SIAM Journal on Control and Optimization},
	volume={34},
	number={3},
	pages={874--891},
	year={1996},
	publisher={SIAM}
	%filename:"Augmented_Lagrangian-SQP_Metho.pdf"
}

@article {MR514515,
	AUTHOR = {Sachs, Ekkehard},
	TITLE = {A parabolic control problem with a boundary condition of the
	{S}tefan-{B}oltzmann type},
	JOURNAL = {Z. Angew. Math. Mech.},
	FJOURNAL = {Zeitschrift f\"{u}r Angewandte Mathematik und Mechanik.
	Ingenieurwissenschaftliche Forschungsarbeiten},
	VOLUME = {58},
	YEAR = {1978},
	NUMBER = {10},
	PAGES = {443--449},
	ISSN = {0044-2267},
	MRCLASS = {49B22 (35K05)},
	MRNUMBER = {514515},
	MRREVIEWER = {V. Lakshmikantham},
	DOI = {10.1002/zamm.19780581005},
	URL = {https://doi.org/10.1002/zamm.19780581005},
	%filename:"[doi 10.1002%2Fzamm.19780581005] Dr. Ekkehard Sachs -- A Parabolic Cont.pdf"
}

@misc{zeidlernonlinearI,
	title={Nonlinear Functional Analysis and its Applications I.(Fixed Point Theorems) 1986},
	author={Zeidler, E},
	publisher={Springer-Verlag, New York}
}

@misc{zeidlernonlinearII,
	title={Nonlinear Functional Analysis and Its Applications II/A: Linear Monotone Operators. 1990},
	author={Zeidler, E},
	publisher={Springer-Verlag, New York}
}

@article{zeidler1995applied,
	title={Applied functional analysis and its applications. Main principles and their applications},
	author={Zeidler, E},
	journal={Applied Mathematical Sciences},
	volume={109},
	year={1995}
}

@article{lions1969quelques,
	title={Quelques m{\'e}thodes de r{\'e}solution des problemes aux limites non lin{\'e}aires},
	author={Lions, Jacques Louis},
	year={1969},
	publisher={Dunod}
}

@book {MR0509265,
	AUTHOR = {Ladyzhenskaya, O. A. and Ural\cprime tseva, N. N.},
	TITLE = {{\cyr Line\u{i}} {\cyr nye i kvaziline\u{i}} {\cyr nye uravneniya} \`{e}{\cyr llipticheskogo tipa}},
	NOTE = {Second edition, revised},
	PUBLISHER = {Izdat. ``Nauka'', Moscow},
	YEAR = {1973},
	PAGES = {576},
	MRCLASS = {35JXX (35-02)},
	MRNUMBER = {0509265},
}

@book{neittaanmaki2007optimization,
	title={Optimization of elliptic systems: theory and applications},
	author={Neittaanmaki, Pekka and Sprekels, J{\"u}rgen and Tiba, Dan},
	year={2007},
	publisher={Springer Science \& Business Media}
}

@article{casas1993boundary,
	title={Boundary control of semilinear elliptic equations with pointwise state constraints},
	author={Casas, Eduardo},
	journal={SIAM Journal on Control and Optimization},
	volume={31},
	number={4},
	pages={993--1006},
	year={1993},
	publisher={SIAM}
	%filename:"Boundary_Control_of_Semilinear.pdf"
}

@article{alibert1997boundary,
	title={Boundary control of semilinear elliptic equations with discontinuous leading coefficients and unbounded controls},
	author={Alibert, J-J and Raymond, J-P},
	journal={Numerical Functional Analysis and Optimization},
	volume={18},
	number={3-4},
	pages={235--250},
	year={1997},
	publisher={Taylor \& Francis}
}

@article{haller2009holder,
	title={H{\"o}lder continuity and optimal control for nonsmooth elliptic problems},
	author={Haller-Dintelmann, Robert and Meyer, Christian and Rehberg, Joachim and Schiela, Anton},
	journal={Applied Mathematics and Optimization},
	volume={60},
	number={3},
	pages={397--428},
	year={2009},
	publisher={Springer}
}

@article{alt1993lagrange,
	title={The Lagrange-Newton method for nonlinear optimal control problems},
	author={Alt, Walter and Malanowski, Kazimierz},
	journal={Computational Optimization and Applications},
	volume={2},
	number={1},
	pages={77--100},
	year={1993},
	publisher={Springer}
}

@article {MR1227454,
	AUTHOR = {Alt, Walter and Malanowski, Kazimierz},
	TITLE = {The {L}agrange-{N}ewton method for nonlinear optimal control
	problems},
	JOURNAL = {Comput. Optim. Appl.},
	FJOURNAL = {Computational Optimization and Applications. An International
	Journal},
	VOLUME = {2},
	YEAR = {1993},
	NUMBER = {1},
	PAGES = {77--100},
	ISSN = {0926-6003},
	MRCLASS = {49M40 (65K05)},
	MRNUMBER = {1227454},
	MRREVIEWER = {Christian Michelot},
	DOI = {10.1007/BF01299143},
	URL = {https://doi.org/10.1007/BF01299143},
}

@article{bittner1975optimal,
	title={On optimal control of processes governed by abstract functional, integral and hyperbolic differential equations},
	author={Bittner, L},
	journal={Statistics: A Journal of Theoretical and Applied Statistics},
	volume={6},
	number={1},
	pages={107--134},
	year={1975},
	publisher={Taylor \& Francis}
}

@article{bonnans1991principe,
	title={Un principe de Pontryagine pour le contr{\^o}le des syst{\'e}mes semilin{\'e}aires elliptiques},
	author={Bonnans, Joseph Fr{\'e}d{\'e}ric and Casas, Eduardo},
	journal={Journal of Differential Equations},
	volume={90},
	number={2},
	pages={288--303},
	year={1991},
	publisher={Elsevier}
}

@article{casas1986control,
	title={Control of an elliptic problem with pointwise state constraints},
	author={Casas, Eduardo},
	journal={SIAM Journal on Control and Optimization},
	volume={24},
	number={6},
	pages={1309--1318},
	year={1986},
	publisher={SIAM}
}

@article{bonnans1995extension,
	title={An extension of Pontryagin’s principle for state-constrained optimal control of semilinear elliptic equations and variational inequalities},
	author={Bonnans, Fr{\'e}d{\'e}ric and Casas, Eduardo},
	journal={SIAM Journal on Control and Optimization},
	volume={33},
	number={1},
	pages={274--298},
	year={1995},
	publisher={SIAM}
}

@article{casas1997pontryagin,
	title={Pontryagin's principle for state-constrained boundary control problems of semilinear parabolic equations},
	author={Casas, Eduardo},
	journal={SIAM Journal on Control and Optimization},
	volume={35},
	number={4},
	pages={1297--1327},
	year={1997},
	publisher={SIAM}
}

@article{ioffe1979necessary,
	title={Necessary and sufficient conditions for a local minimum. 3: Second order conditions and augmented duality},
	author={Ioffe, Aleksandr D},
	journal={SIAM Journal on Control and Optimization},
	volume={17},
	number={2},
	pages={266--288},
	year={1979},
	publisher={SIAM}
}

@article{rosch2008numerical,
	title={Numerical verification of optimality conditions},
	author={R{\"o}sch, Arnd and Wachsmuth, Daniel},
	journal={SIAM Journal on Control and Optimization},
	volume={47},
	number={5},
	pages={2557--2581},
	year={2008},
	publisher={SIAM}
}

@article{casas1999second,
	title={Second-order necessary optimality conditions for some state-constrained control problems of semilinear elliptic equations},
	author={Casas, Eduardo and Tr{\"o}ltzsch, Fredi},
	journal={Applied Mathematics and Optimization},
	volume={39},
	number={2},
	pages={211--227},
	year={1999},
	publisher={Springer}
}

@article{dontchev1995optimality,
	title={Optimality, stability, and convergence in nonlinear control},
	author={Dontchev, AL and Hager, WW and Poore, AB and Yang, Bing},
	journal={Applied Mathematics and Optimization},
	volume={31},
	number={3},
	pages={297--326},
	year={1995},
	publisher={Springer}
}

@article{casas1996second,
	title={Second order sufficient optimality conditions for a nonlinear elliptic control problem},
	author={Casas, Eduardo and Tr{\"o}ltzsch, Fredi and Unger, Andreas},
	journal={J. Anal. Appl},
	volume={15},
	pages={687--707},
	year={1996}
}

@article{casas2002second,
	title={Second order optimality conditions for semilinear elliptic control problems with finitely many state constraints},
	author={Casas, Eduardo and Mateos, Mariano},
	journal={SIAM journal on control and optimization},
	volume={40},
	number={5},
	pages={1431--1454},
	year={2002},
	publisher={SIAM}
}

@article{casas2008sufficient,
	title={Sufficient second-order optimality conditions for semilinear control problems with pointwise state constraints},
	author={Casas, Eduardo and De Los Reyes, Juan Carlos and Tr{\"o}ltzsch, Fredi},
	journal={SIAM Journal on Optimization},
	volume={19},
	number={2},
	pages={616--643},
	year={2008},
	publisher={SIAM}
}

@article{casas1996second,
	title={Second order sufficient optimality conditions for a nonlinear elliptic control problem},
	author={Casas, Eduardo and Tr{\"o}ltzsch, Fredi and Unger, Andreas},
	journal={J. Anal. Appl},
	volume={15},
	pages={687--707},
	year={1996}
}

@book{bonnans2013perturbation,
	title={Perturbation analysis of optimization problems},
	author={Bonnans, J Fr{\'e}d{\'e}ric and Shapiro, Alexander},
	year={2013},
	publisher={Springer Science \& Business Media}
}

@article{casas2002second,
	title={Second-order necessary and sufficient optimality conditions for optimization problems and applications to control theory},
	author={Casas, Eduardo and Tr{\"o}ltzsch, Fredi},
	journal={SIAM Journal on Optimization},
	volume={13},
	number={2},
	pages={406--431},
	year={2002},
	publisher={SIAM}
}

@book{deuflhard2011newton,
	title={Newton methods for nonlinear problems: affine invariance and adaptive algorithms},
	author={Deuflhard, Peter},
	volume={35},
	year={2011},
	publisher={Springer Science \& Business Media}
}

@article{troltzsch1999lagrange,
	title={On the Lagrange--Newton--SQP Method for the Optimal Control of Semilinear Parabolic Equations},
	author={Tr{\"o}ltzsch, Fredi},
	journal={SIAM Journal on Control and Optimization},
	volume={38},
	number={1},
	pages={294--312},
	year={1999},
	publisher={SIAM}
}

@article{ruan2018overdetermined,
	title={An overdetermined problem for a weighted Poisson’s equation},
	author={Ruan, Qi-hua and Wang, Weihua and Huang, Qin},
	journal={Computers \& Mathematics with Applications},
	volume={75},
	number={9},
	pages={3139--3146},
	year={2018},
	publisher={Elsevier}
	%filename:"Ruan, Qi-hua; Wang, Weihua; Huang, Qin -- An overdetermined problem for a weighted Poisson’s equation.pdf"
}

@article{pang2010level,
	title={Level set methods for finding saddle points of general Morse index},
	author={Pang, CH},
	journal={arXiv preprint arXiv:1001.0925},
	year={2010}
	%filename:"1001.0925.pdf"
}

@article{kriegl1991aspects,
	title={Aspects of the theory of infinite dimensional manifolds},
	author={Kriegl, Andreas and Michor, Peter W},
	journal={Differential Geometry and its Applications},
	volume={1},
	number={2},
	pages={159--176},
	year={1991},
	publisher={Elsevier}
	%filename:"infinite_dimensional_manifolds.pdf"
}

@book{munkres2000topology,
	title={Topology},
	author={Munkres, James R},
	year={2000},
	publisher={Prentice Hall}
	%Section 25. Components and Local Connectedness
	%filename:"Munkres-25.pdf"
}

@article{grujic2011three,
	title={Three manifestations of Morse theory in two dimensions},
	author={Gruji{\'c}, Vladimir N},
	journal={The Teaching of Mathematics},
	number={27},
	pages={137--145},
	year={2011},
	publisher={Dru{\v{s}}tvo matemati{\v{c}}ara Srbije}
	%filename:"tm1427.pdf"
}

@article{lewis2011level,
	title={Level set methods for finding critical points of mountain pass type},
	author={Lewis, Adrian S and Pang, CH Jeffrey},
	journal={Nonlinear Analysis: Theory, Methods \& Applications},
	volume={74},
	number={12},
	pages={4058--4082},
	year={2011},
	publisher={Elsevier}
	%filename:"11-level.pdf"
}

@article{ambrosetti1992critical,
	title={Critical points and nonlinear variational problems},
	author={Ambrosetti, Antonio},
	journal={M{\'e}moires de la Soci{\'e}t{\'e} Math{\'e}matique de France},
	volume={49},
	pages={1--139},
	year={1992},
	publisher={Soci{\'e}t{\'e} math{\'e}matique de France}
	%filename:"MSMF_1992_2_49__1_0.pdf"
}

@article{palais1969morse,
	title={The Morse lemma for Banach spaces},
	author={Palais, Richard S},
	journal={Bulletin of the American Mathematical Society},
	volume={75},
	number={5},
	pages={968--971},
	year={1969}
	%filename:"MorseLemmaForBanachSp.pdf"
}

@book{milnor2016morse,
	title={Morse Theory.(AM-51)},
	author={Milnor, John},
	volume={51},
	year={2016},
	publisher={Princeton university press}
	%filename:"Morse Theory - Milnor.pdf"
}

@incollection {MR1132730,
	AUTHOR = {Agrach\"{e}v, A. A. and Vakhrameev, S. A.},
	TITLE = {Morse theory and optimal control problems},
	BOOKTITLE = {Nonlinear synthesis ({S}opron, 1989)},
	SERIES = {Progr. Systems Control Theory},
	VOLUME = {9},
	PAGES = {1--11},
	PUBLISHER = {Birkh\"{a}user Boston, Boston, MA},
	YEAR = {1991},
	MRCLASS = {58E25 (49K15 58E05 90C31 93B29)},
	MRNUMBER = {1132730},
	MRREVIEWER = {Hubertus Th. Jongen},
	%filename:"Nonlinear-Synthesis-Proceedings-of-a-IIASA-Workshop-held-in-Sopron-Hungary-June-1989.pdf"
}

@book{lang1972differential,
	title={Differential manifolds},
	author={Lang, Serge},
	volume={212},
	year={1972},
	publisher={Springer}
	%filename:"Differential-and-Riemannian-Manifolds.djvu"
}

@article{palais1963morse,
	title={Morse theory on Hilbert manifolds},
	author={Palais, Richard S},
	journal={Topology},
	volume={2},
	number={4},
	pages={299--340},
	year={1963},
	publisher={Pergamon}
	%filename:"Morse_Theory_on_Hilbert_Manifolds.pdf"
}

@book{abraham1963lectures,
	title={Lectures of Smale on differential topology},
	author={Abraham, Ralph H and Smale, Stephen},
	year={1963},
	publisher={Columbia University, Department of Mathematics}
}

@incollection{smale2000morse,
	title={Morse theory and a non-linear generalization of the Dirichlet problem},
	author={Smale, Stephen},
	booktitle={The Collected Papers of Stephen Smale: Volume 2},
	pages={511--525},
	year={2000},
	publisher={World Scientific}
	%filename:"MorseInfiniteDimensional.pdf"
}

@ARTICLE{Gil201417,
	author={Gil, M.I.},
	title={Norm estimates for solutions of matrix equations AX−XB=c and x−AXB=c},
	journal={Discuss. Math. Differ. Incl. Control Optim.},
	year={2014},
	volume={34},
	number={2},
	pages={17-27},
	note={cited By 1},
	source={Scopus},
	%filename:"Gil', Michael I. -- Norm estimates for solutions of matrix equations AX-XB.pdf"
}

@article{GIL20184241,
	title = "Norm estimates for function Lyapunov equations and applications",
	journal = "Journal of the Franklin Institute",
	volume = "355",
	number = "10",
	pages = "4241 - 4247",
	year = "2018",
	issn = "0016-0032",
	doi = "https://doi.org/10.1016/j.jfranklin.2018.04.005",
	url = "http://www.sciencedirect.com/science/article/pii/S0016003218302254",
	author = "Michael Gil’"
	%filename:"1-s2.0-S0016003218302254-main.pdf"
}

@article{dickinson1980analysis,
	title={Analysis of the Lyapunov equation using generalized positive real matrices},
	author={Dickinson, B},
	journal={IEEE Transactions on Automatic Control},
	volume={25},
	number={3},
	pages={560--563},
	year={1980},
	publisher={IEEE}
	%filename:"[doi 10.1109%2Fcdc.1979.270252] Dickinson, Bradley -- [IEEE 1979 18th IEEE Conference on Decision and Control including the Symposium on Adaptive Processes - Fort Lauderdale, FL, US (1).pdf"
}

@inproceedings{zhang2011some,
	title={Some properties of generalized Lyapunov equations},
	author={Zhang, Weihai and Chen, Bor-Sen},
	booktitle={Control and Decision Conference (CCDC), 2011 Chinese},
	pages={3137--3141},
	year={2011},
	organization={IEEE}
	%filename:"genriccatisomeproperties.pdf"
}

@inproceedings{brezis2018gagliardo,
	title={Gagliardo--Nirenberg inequalities and non-inequalities: The full story},
	author={Brezis, Ha{\"\i}m and Mironescu, Petru},
	booktitle={Annales de l'Institut Henri Poincar{\'e} C, Analyse non lin{\'e}aire},
	volume={35},
	number={5},
	pages={1355--1376},
	year={2018},
	organization={Elsevier}
	%filename:"gn_20171031.pdf"
}

@incollection{nirenberg2011elliptic,
	title={On elliptic partial differential equations},
	author={Nirenberg, Louis},
	booktitle={Il principio di minimo e sue applicazioni alle equazioni funzionali},
	pages={1--48},
	year={2011},
	publisher={Springer}
	%filename:"ASNSP_1959_3_13_2_115_0.pdf"
}

@article{zwart2007invertible,
	title={Invertible solutions of the Lyapunov and algebraic Riccati equation},
	author={Zwart, Hans},
	journal={Preprint, wwwhome. math. utwente. nl/~ zwarthj},
	year={2007}
	%filename:"invLyap.pdf"
}

@book {MR2468466,
	AUTHOR = {Meyer, Kenneth R. and Hall, Glen R. and Offin, Dan},
	TITLE = {Introduction to {H}amiltonian dynamical systems and the
	{$N$}-body problem},
	SERIES = {Applied Mathematical Sciences},
	VOLUME = {90},
	EDITION = {Second},
	PUBLISHER = {Springer, New York},
	YEAR = {2009},
	PAGES = {xiv+399},
	ISBN = {978-0-387-09723-7},
	MRCLASS = {37J05 (37N05 70F10 70F15 70G45 70H05)},
	MRNUMBER = {2468466},
	MRREVIEWER = {Marian Gidea},
	%filename:"2009_Book_IntroductionToHamiltonianDynam.pdf"
}

@book{van2016l2,
	title={L2-Gain and Passivity Techniques in Nonlinear Control},
	author={van der Schaft, A.},
	isbn={9783319499925},
	series={Communications and Control Engineering},
	url={https://books.google.es/books?id=jvmoDQAAQBAJ},
	year={2016},
	publisher={Springer International Publishing}
	%filename:"2017_Book_L2-GainAndPassivityTechniquesI.pdf"
}

@article{silvester2000determinants,
	title={Determinants of block matrices},
	author={Silvester, John R},
	journal={The Mathematical Gazette},
	volume={84},
	number={501},
	pages={460--467},
	year={2000},
	publisher={Cambridge University Press}
	%filename:"determinant_block_matrices.pdf"
}

@article{jiang2016simultaneous,
	title={Simultaneous diagonalization of matrices and its applications in quadratically constrained quadratic programming},
	author={Jiang, Rujun and Li, Duan},
	journal={SIAM Journal on Optimization},
	volume={26},
	number={3},
	pages={1649--1668},
	year={2016},
	publisher={SIAM}
	%filename:"simuyltaneus diagonalization.pdf"
}

@article{fernandez2012numerical,
	title={Numerical null controllability of semi-linear 1-D heat equations: fixed point, least squares and Newton methods},
	author={Fern{\'a}ndez Cara, Enrique and M{\"u}nch, Arnaud},
	journal={Mathematical Control and Related Fields},
	volume={2},
	number={3},
	pages={217--246},
	year={2012},
	publisher={American Institute of Mathematical Sciences}
	%filename:"Numerical null controllability of a semi-linear heat equation via a least squares method.pdf"
}

@article{chen2013iterative,
	title={ITERATIVE METHODS FOR NONLINEAR ELLIPTIC EQUATIONS},
	author={CHEN, LONG},
	year={2013}
	%filename:"ITERATIVE METHODS FOR NONLINEAR ELLIPTIC EQUATIONS.pdf"
}

@incollection{gao2003nonconvex,
	title={Nonconvex semi-linear problems and canonical duality solutions},
	author={Gao, David Yang},
	booktitle={Advances in mechanics and mathematics},
	pages={261--312},
	year={2003},
	publisher={Springer}
	%filename:"Nonconvex_Semi-Linear_Problems_and_Canonical_Duali.pdf"
}

@article{ekeland1979nonconvex,
	title={Nonconvex minimization problems},
	author={Ekeland, Ivar},
	journal={Bulletin of the American Mathematical Society},
	volume={1},
	number={3},
	pages={443--474},
	year={1979}
	%filename:"euclid.bams.1183544327.pdf"
}

@book{haraux2015convergence,
	title={The convergence problem for dissipative autonomous systems: classical methods and recent advances},
	author={Haraux, Alain and Jendoubi, Mohamed Ali},
	year={2015},
	publisher={Springer}
	%filename:"haraux-jendoubi.pdf"
}

@article{jendoubi1998simple,
	title={A simple unified approach to some convergence theorems of L. Simon},
	author={Jendoubi, Mohamed Ali},
	journal={journal of functional analysis},
	volume={153},
	number={1},
	pages={187--202},
	year={1998},
	publisher={Academic Press}
	%filename:"Jendoubi-Simon.pdf"
}

@article{grune2016relation,
	title={On the relation between strict dissipativity and turnpike properties},
	author={Gr{\"u}ne, Lars and M{\"u}ller, Matthias A},
	journal={Systems \& Control Letters},
	volume={90},
	pages={45--53},
	year={2016},
	publisher={Elsevier}
}

@manual{OS1,
	title		= "Introduction to optimal control theory and stable manifold method",
	author		= "Sakamoto, Noboru",
	organization	= "Nanzan University",
	%address	= "",
	%edition	= "",
	year		= "2018",
	%month		= "",
	%note		= "",
	%filename:"OptimalControl_Lec20181002.pdf".
}

@manual{OS2,
	title		= "Stable manifold method for HJEs",
	author		= "Sakamoto, Noboru",
	organization	= "Nanzan University",
	%address	= "",
	%edition	= "",
	year		= "2018",
	%month		= "",
	%note		= "",
	%filename:"HJE_Stablemanifold20181009.pdf".
}

@article{casas2012second,
	title={Second order analysis for optimal control problems: improving results expected from abstract theory},
	author={Casas, Eduardo and Tr{\"o}ltzsch, Fredi},
	journal={SIAM Journal on Optimization},
	volume={22},
	number={1},
	pages={261--279},
	year={2012},
	publisher={SIAM}
	%filename:"110840406.pdf"
}

@article {MR1923362,
	AUTHOR = {Veling, E. J. M.},
	TITLE = {Lower bounds for the infimum of the spectrum of the
	{S}chr\"{o}dinger operator in {$\Bbb R^N$} and the {S}obolev
	inequalities},
	JOURNAL = {JIPAM. J. Inequal. Pure Appl. Math.},
	FJOURNAL = {JIPAM. Journal of Inequalities in Pure and Applied
	Mathematics},
	VOLUME = {3},
	YEAR = {2002},
	NUMBER = {4},
	PAGES = {Article 63, 22},
	ISSN = {1443-5756},
	MRCLASS = {35J10 (26D10 35P15 46E35 81Q10)},
	MRNUMBER = {1923362},
	MRREVIEWER = {Jan K\v{r}\'{i}\v{z}},
	%filename:"037_02_www.pdf"
	%WARNING:
	%\exists Corrigendum \cite{MR2048612}.
}

@article {MR2048612,
	AUTHOR = {Veling, E. J. M.},
	TITLE = {Corrigendum on the paper: ``{L}ower bounds for the infimum of
	the spectrum of the {S}chr\"{o}dinger operator in {${\Bbb R}^N$}
	and the {S}obolev inequalities'' [{JIPAM}. {J}. {I}nequal.
	{P}ure {A}ppl. {M}ath. {\bf 3} (2002), no. 4, {A}rticle 63, 22
	pp; MR1923362]},
	JOURNAL = {JIPAM. J. Inequal. Pure Appl. Math.},
	FJOURNAL = {JIPAM. Journal of Inequalities in Pure and Applied
	Mathematics},
	VOLUME = {4},
	YEAR = {2003},
	NUMBER = {5},
	PAGES = {Article 109, 2},
	ISSN = {1443-5756},
	MRCLASS = {35J10 (26D10 35P15 46E35 47F05)},
	MRNUMBER = {2048612},
	%filename:"cor037_02_www.pdf"
}

@article{trelat2018integral,
	title={Integral and measure-turnpike properties for infinite-dimensional optimal control systems},
	author={Tr{\'e}lat, Emmanuel and Zhang, Can},
	journal={Mathematics of Control, Signals, and Systems},
	volume={30},
	number={1},
	pages={3},
	year={2018},
	publisher={Springer}
	%filename:"1705.02762.pdf"
}

@book{ambrosetti2012appunti,
	title={Appunti sulle equazioni differenziali ordinarie},
	author={Ambrosetti, Antonio},
	year={2012},
	publisher={Springer Science \& Business Media}
	%filename:"[Ambrosetti,_Antonio]_Appunti_sulle_equazioni_differenziali.pdf"
}

@article{10.2307/1999277,
	ISSN = {00029947},
	URL = {http://www.jstor.org/stable/1999277},
	abstract = {Of concern is the singular problem $\partial u/\partial t = \Delta u + (c/|x|^2)u + f(t, x), u(x,0) = u_0(x)$, and its generalizations. Here $c \geqslant 0, x \in R^N, t > 0$, and $f$ and $u_0$ are nonnegative and not both identically zero. There is a dimension dependent constant $C_\ast(N)$ such that the problem has no solution for $c > C_\ast(N)$. For $c \leqslant C_\ast(N)$ necessary and sufficient conditions are found for $f$ and $u_0$ so that a nonnegative solution exists.},
	author = {Pierre Baras and Jerome A. Goldstein},
	journal = {Transactions of the American Mathematical Society},
	number = {1},
	pages = {121--139},
	publisher = {American Mathematical Society},
	title = {The Heat Equation with a Singular Potential},
	volume = {284},
	year = {1984}
	%filename:"heat_unbounded_potential.pdf"
}

@manual{BCR,
	title		= "Dinamica del corpo rigido",
	author		= "",
	organization	= "Universita del Salento",
	%address	= "",
	%edition	= "",
	year		= "",
	%month		= "",
	%note		= "",
	%filename:"Corpo rigido.pdf".
}

@book{mencuccini2016fisica,
	title={Fisica: meccanica e termodinamica: con esempi ed esercizi},
	author={Mencuccini, Corrado and Silvestrini, Vittorio},
	year={2016},
	publisher={Casa editrice ambrosiana CEA}
	%available in paper based version.
	%filename:"Mencuccini, Silvestrini - Fisica 1 (Meccanica, Termodinamica).pdf"
}

@article{gallier2010schur,
	title={The Schur complement and symmetric positive semidefinite (and definite) matrices},
	author={Gallier, Jean},
	journal={Penn Engineering},
	year={2010}
	%filename:"schur-comp.pdf"
}

@manual{FMV,
	title		= "INTRODUZIONE AI SISTEMI DINAMICI
	Meccanica lagrangiana e hamiltoniana",
	author		= "Gentile, Guido",
	organization	= "Università degli studi Roma Tre",
	%address	= "",
	%edition	= "",
	year		= "2009",
	%month		= "",
	%note		= "",
	%filename:"sistemidinamicigentile.pdf".
}

@book{funaioli2005lezioni,
	title={Lezioni di meccanica applicata alle macchine},
	author={Funaioli, Ettore and Maggiore, Alberto and Meneghetti, Umberto},
	year={2005},
	publisher={P{\`a}tron}
}

@article{peraire2009L29,
	title={Lecture L29-3D Rigid Body Dynamics},
	author={Peraire, J and Widnall, S},
	journal={Dynamics},
	year={2009}
	%filename:"MIT16_07F09_Lec29.pdf"
}

@article{peraire2008L30,
	title={Lecture L30-3D Rigid Body Dynamics: Tops and Gyroscopes},
	author={Peraire, J and Widnall, S},
	journal={Dynamics},
	year={2008}
	%filename:"MIT16_07F09_Lec30.pdf"
}

@book{celletti2010stability,
	title={Stability and chaos in celestial mechanics},
	author={Celletti, Alessandra},
	year={2010},
	publisher={Springer Science \& Business Media}
	%filename:"Stability and Chaos in Celestial Mechanics.pdf"
}

@manual{TFM,
	title		= "Symbolic Math Toolbox User's Guide",
	author		= "",
	organization	= "MathWorks",
	%address	= "",
	%edition	= "",
	year		= "2018",
	%month		= "",
	%note		= "",
	% available at the link:"https://it.mathworks.com/help/pdf_doc/symbolic/symbolic_tb.pdf".
}

@manual{SKM,
	title		= "Symbolic calculations in Matlab",
	author		= "Arwade, Sanjay",
	organization	= "University of Massachusetts Amherst",
	%address	= "",
	%edition	= "",
	%year		= "",
	%month		= "",
	%note		= "",
	%filename:"University of Massachusetts Amherst_matlab_symbolic.pdf".
}

@article{biccari2016controllability,
	title={On the controllability of Partial Differential Equations involving non-local terms and singular potentials},
	author={Biccari, Umberto},
	year={2016}
	%filename:"tesi Umberto Biccari.pdf"
}

@article{cazacu2012hardy,
	title={Hardy Inequalities, Control and Numerics of Singular PDEs},
	author={Cazacu, Cristian-Mihai},
	year={2012}
	%filename:"CazacuPhDThesis.pdf"
}

@article{pozo2014large,
	title={Large-time behavior of some numerical schemes: application to the sonic-boom phenomenon},
	author={Pozo, Alejandro},
	year={2014}
	%filename:"Pozo_Thesis.pdf"
}

@book{serway2018physics,
	title={Physics for scientists and engineers with modern physics},
	author={Serway, Raymond A and Jewett, John W},
	year={2018},
	publisher={Cengage learning}
	%filename;:"Physics-for-scientists-and-engineers.pdf"
}

@article{peraire2008lecture,
	title={Lecture L26-3D Rigid Body Dynamics: The Inertia Tensor},
	author={Peraire, J and Widnall, S},
	journal={Dynamics},
	year={2008}
	%filename:"MIT16_07F09_Lec26.pdf"
}

@article {GPT,
	AUTHOR = {Porretta, Alessio},
	TITLE = {On the Turnpike Property
	for Mean Field Games},
	JOURNAL = {Minimax Theory and its Applications},
	%FJOURNAL = {},
	YEAR = {2018},
	%NUMBER = {},
	%PAGES = {},
	%ISSN = {},
	%MRCLASS = {},
	%MRNUMBER = {},
	%MRREVIEWER = {},
	%DOI = {},
	%URL = {},
}

@unpublished{SPT,
	author	= "Porretta, Alessio",
	title	= "The turnpike property in mean field games",
	year	= "2018",
	month	= "November",
	note	= "",
	%filename:"LIA-Napoli_Porretta.pdf"
}

@book{bettini1995meccanica,
	title={Meccanica e termodinamica},
	author={Bettini, Alessandro},
	year={1995},
	publisher={Bologna}
	%available in paper-based version.
}

@article{wayne1972every,
	title={Every convex function is locally lipschitz},
	author={Wayne State University, Mathematics Department Coffee Room},
	journal={The American Mathematical Monthly},
	volume={79},
	number={10},
	pages={1121--1124},
	year={1972},
	publisher={Taylor \& Francis}
	%filename:"2317434.pdf"
}

@article{chentutorial,
	title={A Tutorial on RIOTS 95--A Matlab Toolbox for Solving General Optimal Control Problems},
	author={Chen, YangQuan},
	publisher={Citeseer}
	%filename:"10.1.1.650.4710.pdf"
}

@inproceedings{wachter2009short,
	title={Short tutorial: getting started with ipopt in 90 minutes},
	author={W{\"a}chter, Andreas},
	booktitle={Dagstuhl Seminar Proceedings},
	year={2009},
	organization={Schloss Dagstuhl-Leibniz-Zentrum f{\"u}r Informatik}
	%filename:"09061.WaechterAndreas.Paper.2089.pdf"
}

@article{waechter2009introduction,
	title={Introduction to IPOPT: A tutorial for downloading, installing, and using IPOPT},
	author={Waechter, Andreas and Laird, Carl and Margot, F and Kawajir, Y},
	journal={Revision},
	year={2009}
	%filename:"IPOPTdocumentation.pdf"
}

@misc{bjorklund1code,
	title={Code:: Blocks Manual},
	author={Bj{\"o}rklund, A and others},
	publisher={Version}
	%filename:"CodeBlocks_manual_en.pdf"
}

@book{cannarsa2004lecture,
	title={Lecture Notes on Dynamic Optimization},
	author={Cannarsa, Piermarco and Giorgieri, Elena and Tessitore, M Elisabetta},
	year={2009},
	publisher={TeXmat}
	%filename:"dynopt.pdf"
}

@book{goldstein2014classical,
	title={Classical Mechanics},
	author={Goldstein, Herbert and Poole, Charles P and Safko, John L},
	year={2014},
	publisher={Pearson Higher Ed}
	%filename:"Classical-mechanics.djvu"
}

@book{greiner2009classical,
	title={Classical Mechanics: systems of particles and Hamiltonian dynamics},
	author={Greiner, Walter},
	year={2009},
	publisher={Springer Science \& Business Media}
	%filename:"[Walter_Greiner]_Classical_Mechanics_Systems_of_P(BookFi.org).djvu"
}

@misc{hofmann1973machine,
	title={Machine for balancing motor vehicle wheels},
	author={Hofmann, D},
	year={1973},
	month=jun # "~26",
	publisher={Google Patents},
	note={US Patent 3,741,016}
	%filename:"US3741016.pdf"
	%information available at:https://patents.google.com/patent/US3741016A/en
}

@misc{mason1940machine,
	title={Machine for balancing tires},
	author={Mason, Dennis A},
	year={1940},
	month=apr # "~23",
	publisher={Google Patents},
	note={US Patent 2,197,808}
	%filename:"US2197808.pdf"
	%information available at:https://patents.google.com/patent/US2197808A/en
}

@article{jia2018quaternions,
	title={Quaternions},
	author={Jia, Yan-Bin},
	year={2018}
	%filename:"quaternion.pdf"
}

@book{pellicano2007meccanica,
	title={Meccanica applicata alle macchine},
	author={Pellicano, Francesco},
	publisher={Universita degli Studi}
	%filename:"12943LezionidiMeccani.pdf"
	%One should read from page 144.
}

@article{majer1995two,
	title={Two variational methods on manifolds with boundary},
	author={Majer, Pietro},
	journal={Topology},
	volume={34},
	number={1},
	pages={1--12},
	year={1995},
	publisher={Pergamon}
	%filename:"LagrangeMultipliers.pdf"
}

@book{martinez2018optimal,
	title={Optimal Control of PDEs under Uncertainty: An Introduction with Application to Optimal Shape Design of Structures},
	author={Mart{\'\i}nez-Frutos, Jes{\'u}s and Esparza, Francisco Periago},
	year={2018},
	publisher={Springer}
	%filename:"Optimal_Control_Stochastic_PDEs.pdf"
}

@article{evans1983introduction,
	title={An introduction to mathematical optimal control theory version 0.2},
	author={Evans, Lawrence C},
	journal={Lecture notes available at http://math. berkeley. edu/\~{} evans/control. course. pdf},
	year={1983}
	%filename:"control_course_evans.pdf"
}

@book{manetti2014topologia,
	title={Topologia},
	author={Manetti, Marco},
	volume={78},
	year={2014},
	publisher={Springer Science \& Business Media}
	%filename:"[Marco_Manetti]_Topologia_(UNITEXT___La_Matematica(BookFi.org).pdf"
}

@misc{bipm2006systeme,
	title={Syst{\`e}me international d'unit{\'e}s--The International System of Units, 8},
	author={BIPM, Le},
	year={2006},
	publisher={Ausgabe}
	%filename:"si_brochure_8.pdf"
}

@article{bracciteoria,
	title={Teoria dei Fibrati},
	author={Bracci, Filippo},
	journal={Nel Lezioni di Teoria dei Fibrati}
	%filename:"teoriafibrati.pdf"
}

@article{gugat2016optimal,
	title={Optimal Neumann control for the 1D wave equation: Finite horizon, infinite horizon, boundary tracking terms and the turnpike property},
	author={Gugat, Martin and Tr{\'e}lat, Emmanuel and Zuazua, Enrique},
	journal={Systems \& Control Letters},
	volume={90},
	pages={61--70},
	year={2016},
	publisher={Elsevier}
}

@article{ibanez2017optimal,
	title={Optimal control of the Lotka--Volterra system: turnpike property and numerical simulations},
	author={Iba{\~n}ez, Aitziber},
	journal={Journal of biological dynamics},
	volume={11},
	number={1},
	pages={25--41},
	year={2017},
	publisher={Taylor \& Francis}
}

@manual{MSC,
	title		= "Introduzione all'uso di MATLAB per il calcolo scientifico",
	author		= "Causin, Paola and Micheletti, Stefano and Sacco, Riccardo",
	organization	= "Politecnico di Milano",
	%address	= "",
	%edition	= "",
	year		= "2000",
	%month		= "",
	%note		= "",
	%filename:"parte1.pdf"
	%filename:"parte2.pdf"
	%filename:"parte3.pdf"
}

@book{briggs1995dft,
	title={The DFT: an owners' manual for the discrete Fourier transform},
	author={Briggs, William L and others},
	volume={45},
	year={1995},
	publisher={Siam}
	%filename:"William L. Briggs, Van Emden Henson  - The DFT_ An Owners' Manual for the Discrete Fourier Transform (1987, Society for Industrial  Mathematics).pdf"
}

@article{giusti1996analisi,
	title={Analisi matematica 1: Bollati Boringhieri},
	author={Giusti, E},
	journal={INDICE III Indice},
	volume={1},
	year={1996}
}

@book{giusti1996analisi,
	author    = "Giusti, E",
	title     = "Analisi matematica 1",
	year      = "1996",
	publisher = "Bollati Boringhieri",
	%address   = ""
	%filename:"Enrico Giusti - Analisi  matematica 1 (1988).pdf"
}

@article{giusti2003analisi,
	title={Analisi Matematica’, vol. 2},
	author={Giusti, E},
	journal={Bollati-Boringhieri, Torino},
	year={2003}
	%filename:"Enrico Giusti - Analisi matematica. Vol. 2 (2003, Bollati Boringhieri).pdf"
}

@phdthesis{bonalli2018optimal,
	title={Optimal Control of Aerospace Systems with Control-State Constraints and Delays},
	author={Bonalli, Riccardo},
	year={2018},
	school={Sorbonne Universit{\'e}, UPMC University of Paris 6; ONERA--The French Aerospace Lab}
}

@article{fernandez2003control,
	title={Control Theory: History, mathematical achievements and perspectives},
	author={Fern{\'a}ndez Cara, Enrique and Zuazua Iriondo, Enrique},
	journal={Bolet{\'\i}n de la Sociedad Espa{\~n}ola de Matem{\'a}tica Aplicada, 26, 79-140.},
	year={2003},
	publisher={Sociedad Espa{\~n}ola de Matem{\'a}tica Aplicada}
	%filename:"Control theory history, mathematical achievements and perspectives.pdf"
}

@unpublished{AWM,
	author	= "Monge, Azahar",
	title	= "WP4: INVERSE DESIGN AND CONTROL IN THE PRESENCE OF SINGULARITIES (SINV)",
	year	= "2019",
	month	= "February",
	note	= "",
	%filename:"Main_WP4.pdf"
}

@article{Pouchol_2019,
	doi = {10.1088/1361-6544/aaf07e},
	url = {https://doi.org/10.1088%2F1361-6544%2Faaf07e},
	year = 2019,
	month = {feb},
	publisher = {{IOP} Publishing},
	volume = {32},
	number = {3},
	pages = {884--909},
	author = {Camille Pouchol and Emmanuel Tr{\'{e}}lat and Enrique Zuazua},
	title = {Phase portrait control for 1D monostable and bistable reaction{\textendash}diffusion equations},
	journal = {Nonlinearity},

abstract = {We consider the problem of controlling parabolic semilinear equations arising in population dynamics, either in finite time or infinite time. These are the monostable and bistable equations on  for a density of individuals , with Dirichlet controls taking their values in . We prove that the system can never be steered to extinction (steady state ) or invasion (steady state ) in finite time, but is asymptotically controllable to  independently of the size , and to  if the length  of the interval domain is less than some threshold value , which can be computed from transcendental integrals. In the bistable case, controlling to the other homogeneous steady state  is much more intricate. We rely on a staircase control strategy to prove that  can be reached in finite time if and only if . The phase plane analysis of those equations is instrumental in the whole process. It allows us to read obstacles to controllability, compute the threshold value for domain size as well as design the path of steady states for the control strategy.}
%filename:"controllabilitymonostablebistable.pdf"
}

@article{cabanillas2001null,
	title={Null controllability in unbounded domains for the semilinear heat equation with nonlinearities involving gradient terms},
	author={Cabanillas, Victor R and de Menezes, Silvano B and Zuazua, Enrique},
	journal={Journal of Optimization Theory and Applications},
	volume={110},
	number={2},
	pages={245--264},
	year={2001},
	publisher={Springer}
	%filename:"Cabanillas2001_Article_NullControllabilityInUnbounded.pdf"
}

@book{press2007numerical,
	title={Numerical recipes 3rd edition: The art of scientific computing},
	author={Press, William H and Teukolsky, Saul A and Vetterling, William T and Flannery, Brian P},
	year={2007},
	publisher={Cambridge university press}
	%filename:"William H. Press, Saul A. Teukolsky, William T. Vetterling, Brian P. Flannery - Numerical Recipes_ The Art of Scientific Computing (2007, Cambridge University Press).pdf"
}

@manual{CSG,
	title		= "CodeBlocks Manual",
	author		= "CodeBlocks team",
	organization	= "'",
	%address	= "",
	%edition	= "",
	year		= "2016",
	%month		= "",
	%note		= "",
	%filename:"CodeBlocksmanual_en.pdf"
	%CodeBlocks version: CodeBlocks 10.05.
}

@book{schildt2003c++,
	title={C++: a beginner's guide},
	author={Schildt, Herbert},
	year={2003},
	publisher={McGraw-Hill, Inc.}
	%filename:"C++ A Beginner's Guide 2nd Edition (2003).pdf"
}

@manual{ECD,
	title		= "HowTo: Export C++ classes from a DLL",
	author		= "Blekhman, Alex",
	organization	= "https://www.codeproject.com/",
	%address	= "",
	%edition	= "",
	year		= "2012",
	%month		= "",
	%note		= "",
    % available at the link:https://www.codeproject.com/Articles/28969/HowTo-Export-C-classes-from-a-DLL
}

@article {MR0496871,
	AUTHOR = {Fuller, A. T.},
	TITLE = {The early development of control theory},
	NOTE = {Articles on the historical background of control theory},
	JOURNAL = {Trans. ASME Ser. G. J. Dynamic Systems, Measurement and
	Control},
	VOLUME = {98},
	YEAR = {1976},
	NUMBER = {2},
	PAGES = {109--118},
	MRCLASS = {93-03 (01A45)},
	MRNUMBER = {0496871},
	MRREVIEWER = {J. S. Joel},
	%filename:"The early development of control theory.pdf"
}

@article {MR0496872,
	AUTHOR = {Fuller, A. T.},
	TITLE = {The early development of control theory. {II}},
	JOURNAL = {Trans. ASME Ser. G. J. Dynamic Systems, Measurement and
	Control},
	VOLUME = {98},
	YEAR = {1976},
	NUMBER = {3},
	PAGES = {224--235},
	MRCLASS = {93-03 (01A55)},
	MRNUMBER = {0496872},
	MRREVIEWER = {J. S. Joel},
	%filename:"The early development of control theory. {II}.pdf"
}

@article{mayr1970origins,
	title={The origins of feedback control},
	author={Mayr, Otto},
	journal={Scientific American},
	volume={223},
	number={4},
	pages={110--119},
	year={1970},
	publisher={JSTOR}
	%filename:"10.1038@scientificamerican1070-110.pdf"
}

@article{kalman1974optimization,
	title={Optimization, mathematical theory of, control theory},
	author={Kalman, RE},
	journal={Encyclopaedia Britannica,},
	pages={636--638},
	year={1974}
}

@article{levis1987challenges,
	title={Challenges to control: A collective view--Report of the workshop held at the University of Santa Clara on September 18-19, 1986},
	author={Levis, A},
	journal={IEEE Transactions on Automatic Control},
	volume={32},
	number={4},
	pages={275--285},
	year={1987},
	publisher={IEEE}
	%filename:"Challenges to control: A collective view--Report of the workshop held at the University of Santa Clara on September 18-19, 1986.pdf"
}

@book {FFC,
	AUTHOR = {FLEMING, WENDELL H.},
	TITLE = {Future Directions in Control Theory; a Mathematical Perspective (REPORT OF THE PANEL ON FUTURE DIRECTIONS IN CONTROL THEORY)},
	%EDITION = {Second},
	PUBLISHER = {SOCIETY FOR INDUSTRIAL AND APPLIED MATHEMATICS (1989)},
	YEAR = {1989},
	PAGES = {98},
	ISBN = {978-0898712346}
}

@article{ROMERO201259,
	title = "Research on automatic irrigation control: State of the art and recent results",
	journal = "Agricultural Water Management",
	volume = "114",
	pages = "59 - 66",
	year = "2012",
	note = "For a better use and distribution of water",
	issn = "0378-3774",
	doi = "https://doi.org/10.1016/j.agwat.2012.06.026",
	url = "http://www.sciencedirect.com/science/article/pii/S0378377412001746",
	author = "R. Romero and J.L. Muriel and I. García and D. Muñoz de la Peña",
	keywords = "Water use efficiency, Water productivity, Automatic irrigation, Control theory, Feedback",
	abstract = "Availability of fresh water is one of the elementary conditions for life on Earth, however, water is a limited resource, which is now under an unprecedented pressure by global population growth, climate change and demand from several economic sectors such as tourism, industry, and agriculture. In particular, irrigated agriculture is one of the major water-consuming sectors. The aforementioned issues justify the need for a sustainable and rational use of water in irrigated crops, which motivates the implementation of new precise automatic irrigation technologies based on control theory. In this paper, we introduce the main concepts of control theory, how can it be applied to irrigation and a literature review of automatic irrigation control systems over the last decade. In addition, we present our latest developments in this field. In particular, we present some promising preliminary experimental results of four different control strategies applied to fruit trees in southern Spain to show the potential of the application of control techniques to irrigation."
	%filename:"Research on automatic irrigation control: State of the art and recent results.pdf"
	%Mesopotamia irrigation.
}

@article{habib2002quantum,
	title={Quantum feedback control},
	author={Habib, Salman and Jacobs, Kurt and Mabuchi, Hideo},
	journal={Los Alamos Sci},
	volume={27},
	pages={126--135},
	year={2002}
	%filename:""
}

@book{taylor1972physical,
	title={Physical edaphology. The physics of irrigated and nonirrigated soils.},
	author={Taylor, Sterling A and Ashcroft, Gaylen L and others},
	year={1972}
}

@book{thurston1887history,
	title={A History of the Growth of the Steam-Engine},
	author={Thurston, Robert Henry},
	number={24},
	year={1887},
	publisher={Kegan Paul},
	note="available online:https://archive.org/details/historyofgrowtho00thuriala",
}

@manual{WSC,
	title		= "",
	author		= "",
	organization	= "",
	%publisher="Springer";
	%address	= "",
	%edition	= "",
	year		= "",
	%month		= "",
	%note		= "",
	%filename:"WattSteamEngine.pdf"
}

@manual{BMM,
	title		= "Teoria della bilanciatura manuale di mole",
	author		= "",
	organization	= "Marposs S.p.A.",
	%address	= "",
	%edition	= "",
	year		= "",
	%month		= "",
	%note		= "",
    % available in paper-based version.
}

@article{greenblatt2015introduction,
	title={An introduction to transversality},
	author={Greenblatt, Charlotte},
	journal={Accessed online at http://schapos. people. uic. edu/MATH549\_Fall2015\_files},
	pages={1},
	year={2015}
	%filename:"Survey Charlotte.pdf"
}

@book{palis2012geometric,
	title={Geometric theory of dynamical systems: an introduction},
	author={Palis, J Jr and De Melo, Welington},
	year={2012},
	publisher={Springer Science \& Business Media}
	%filename:"Palis-Melo- Geometric theory of dynamical systems_ An introduction (1982, Springer).djvu"
}

@article{seis2015invariant,
	title={Invariant manifolds for the porous medium equation},
	author={Seis, Christian},
	journal={arXiv preprint arXiv:1505.06657},
	year={2015},
	%filename:"Seis2018.pdf"
}

@article{gnann2015well,
	title={Well-posedness and self-similar asymptotics for a thin-film equation},
	author={Gnann, Manuel V},
	journal={SIAM Journal on Mathematical Analysis},
	volume={47},
	number={4},
	pages={2868--2902},
	year={2015},
	publisher={SIAM},
	%filename:"Gnann2015.pdf"
}

@article {TGS,
	AUTHOR = {Sakamoto, Noboru and Pighin, Dario and Zuazua, Enrique},
	TITLE = {The turnpike propety in nonlinear optimal control - A geometric
	approach},
	JOURNAL = {},
	FJOURNAL = {},
	VOLUME = {},
	YEAR = {},
	NUMBER = {},
	PAGES = {},
	ISSN = {},
	MRCLASS = {},
	MRNUMBER = {},
	MRREVIEWER = {},
	DOI = {},
	URL = {},
	note={},
	%filename:"CDC_turnpike (11).pdf"	
}

@unpublished{STT,
	author	= "Tr{\'e}lat, Emmanuel",
	title	= "The turnpike property",
	year	= "2019",
	month	= "March",
	note	= "",
	%filename:"slides_Trelat_Padoue2017.pdf"
}

@article{kouhkouh2018dynamic,
	title={Dynamic Programming Interpretation of Turnpike and Hamilton-Jacobi-Bellman Equation},
	author={Kouhkouh, Hicham and Zuazua, Enrique and Carpentier, Pierre and Santambrogio, Filippo},
	year={2018}
}

@article{FAULWASSER201734,
	title = "Exact turnpike properties and economic NMPC",
	journal = "European Journal of Control",
	volume = "35",
	pages = "34 - 41",
	year = "2017",
	issn = "0947-3580",
	doi = "https://doi.org/10.1016/j.ejcon.2017.02.001",
	url = "http://www.sciencedirect.com/science/article/pii/S0947358016302709",
	author = "Timm Faulwasser and Dominique Bonvin",
	keywords = "Receding-horizon control, Optimal control, Economic model predictive control, Turnpike, Infinite-horizon optimality, Stability",
	abstract = "We discuss the design of sampled-data receding-horizon control schemes for continuous-time systems based on exact turnpike properties. We present sufficient convergence conditions that do not require any kind of terminal constraints or terminal penalties. We prove that, in the presence of state constraints, the existence of an exact turnpike implies recursive feasibility of the optimization. Furthermore, we show that turnpike exactness implies that the performance realized by the receding-horizon controller is equivalent to the infinite-horizon performance. We also state sufficient conditions for the exactness of turnpikes. Finally, we draw upon examples to illustrate our findings."
	%filename:"1-s2.0-S0947358016302709-main.pdf"
}

@book{wen2016differentiable,
	title={Differentiable Dynamical Systems},
	author={Wen, L.},
	isbn={9781470427993},
	lccn={2016012111},
	series={Graduate Studies in Mathematics},
	url={https://books.google.es/books?id=swG1DAAAQBAJ},
	year={2016},
	publisher={American Mathematical Society}
	%filename:"Lan Wen - Differentiable Dynamical Systems_ An Introduction to Structural Stability and Hyperbolicity (2016, American Mathematical Society).pdf"
}

@book{hale2009ordinary,
	title={Ordinary Differential Equations},
	author={Hale, J.K.},
	isbn={9780486472119},
	lccn={2009005731},
	series={Dover Books on Mathematics Series},
	url={https://books.google.it/books?id=LdTZJ4HwCv4C},
	year={2009},
	publisher={Dover Publications}+
	%filename:"Hale J.K. - Ordinary differential equations (1980, Krieger).djvu"
}

@book{robinson1998dynamical,
	title={Dynamical systems: stability, symbolic dynamics, and chaos},
	author={Robinson, Clark},
	year={1998},
	publisher={CRC press}
}

@article {MR2178038,
	AUTHOR = {Bub\'{a}k, Pavel and van der Mee, Cornelis V. M. and Ran, Andr\'{e} C.
	M.},
	TITLE = {Approximation of solutions of {R}iccati equations},
	JOURNAL = {SIAM J. Control Optim.},
	FJOURNAL = {SIAM Journal on Control and Optimization},
	VOLUME = {44},
	YEAR = {2005},
	NUMBER = {4},
	PAGES = {1419--1435},
	ISSN = {0363-0129},
	MRCLASS = {93C25 (47D06 47N70 49N10 65J15)},
	MRNUMBER = {2178038},
	MRREVIEWER = {Peter Benner},
	DOI = {10.1137/S0363012903436843},
	URL = {https://doi.org/10.1137/S0363012903436843},
	%filename."Bubak_vendermee_Ran_Approximation of Solutions of Riccati Equations_2005.pdf"
}


@article {MR2968065,
	AUTHOR = {Wyss, C. and Jacob, B. and Zwart, H. J.},
	TITLE = {Hamiltonians and {R}iccati equations for linear systems with
	unbounded control and observation operators},
	JOURNAL = {SIAM J. Control Optim.},
	FJOURNAL = {SIAM Journal on Control and Optimization},
	VOLUME = {50},
	YEAR = {2012},
	NUMBER = {3},
	PAGES = {1518--1547},
	ISSN = {0363-0129},
	MRCLASS = {93B28 (49N10 93C25)},
	MRNUMBER = {2968065},
	MRREVIEWER = {Mark R. Opmeer},
	DOI = {10.1137/110839199},
	URL = {https://doi.org/10.1137/110839199},
	%filename."Wyss_Jacob_Zwart_Hamiltonians and Riccati Equations for Linear Systems with Unbounded Control and Observation Operators_2012.pdf"
}

@book {MR1739679,
	AUTHOR = {Zelikin, M. I.},
	TITLE = {Control theory and optimization. {I}},
	SERIES = {Encyclopaedia of Mathematical Sciences},
	VOLUME = {86},
	NOTE = {Homogeneous spaces and the Riccati equation in the calculus of
	variations,
	A translation of {{\i}t Homogeneous spaces and the Riccati
	equation in the calculus of variations} (Russian),
	``Faktorial'', Moscow, 1998,
	Translation by S. A. Vakhrameev},
	PUBLISHER = {Springer-Verlag, Berlin},
	YEAR = {2000},
	PAGES = {xii+284},
	ISBN = {3-540-66741-5},
	MRCLASS = {49-02 (34A26 34H05 37N35 58E25 93-02)},
	MRNUMBER = {1739679},
	MRREVIEWER = {Andrey V. Sarychev},
	DOI = {10.1007/978-3-662-04136-9},
	URL = {https://doi.org/10.1007/978-3-662-04136-9},
	%filename:""
}

@article{fernandez2017theoretical,
	title={On the Theoretical and Numerical Control of a One-Dimensional Nonlinear Parabolic Partial Differential Equation},
	author={Fern{\'a}ndez-Cara, Enrique and Nina-Huam{\'a}n, Dany and Nu{\~n}ez-Ch{\'a}vez, Miguel R and Vieira, Franciane B},
	journal={Journal of Optimization Theory and Applications},
	volume={175},
	number={3},
	pages={652--682},
	year={2017},
	publisher={Springer}
	%filename:"10.1007_s10957-017-1190-4.pdf"
}

@manual{TZZ,
	title		= "The turnpike property for PDE control",
	%author		= "Zuazua, Enrique",
	%organization	= "",
	%address	= "",
	%edition	= "",
	year		= "2016",
	%month		= "",
	%note		= "",
	%filename:"Chengdu-2016-turnpike.pdf".
}

@article{desmidt2009imbalance,
	title={Imbalance vibration suppression of a supercritical shaft via an automatic balancing device},
	author={DeSmidt, Hans August},
	journal={Journal of Vibration and Acoustics},
	volume={131},
	number={4},
	pages={041001},
	year={2009},
	publisher={American Society of Mechanical Engineers}
	%filename:"DeSmidt, H. A. -- Imbalance Vibration Suppression of a Supercritical Shaft via an Auto.pdf"
}

@article{lojasiewiczensembles,
	title={Ensembles semi-analytiques, 1965},
	author={Lojasiewicz, S},
	journal={IHES notes},
	%filename:"Lojasiewicz.pdf"
}

@article{lojasiewicz1982trajectoires,
	title={Sur les trajectoires du gradient d’une fonction analytique},
	author={Lojasiewicz, S},
	journal={Seminari di geometria},
	volume={1983},
	pages={115--117},
	year={1982}
}

@article{wyss2012hamiltonians,
	title={Hamiltonians and Riccati equations for linear systems with unbounded control and observation operators},
	author={Wyss, Christian and Jacob, Birgit and Zwart, Heiko J},
	journal={SIAM journal on control and optimization},
	volume={50},
	number={3},
	pages={1518--1547},
	year={2012},
	publisher={SIAM}
	%filename:"Wyss_Jacob_Zwart_Hamiltonians and Riccati Equations for Linear Systems with Unbounded Control and Observation Operators_2012.pdf"
}

@article{burns2008mesh,
	title={Mesh independence of Kleinman--Newton iterations for Riccati equations in Hilbert space},
	author={Burns, John A and Sachs, Ekkehard W and Zietsman, Lizette},
	journal={SIAM Journal on Control and Optimization},
	volume={47},
	number={5},
	pages={2663--2692},
	year={2008},
	publisher={SIAM}
	%filename;"Bruns_Sachs_Zietsman_Mesh Independence of Kleinman_Newton Iterations for Riccati Equations in Hilbert Space_2008.pdf"
}

@article{bubak2005approximation,
	title={Approximation of solutions of Riccati equations},
	author={Bub{\'a}k, Pavel and van der Mee, Cornelis VM and Ran, Andr{\'e} CM},
	journal={SIAM journal on control and optimization},
	volume={44},
	number={4},
	pages={1419--1435},
	year={2005},
	publisher={SIAM}
	%filename:"Bubak_vendermee_Ran_Approximation of Solutions of Riccati Equations_2005.pdf"
}

@article{callier1992lq,
	title={LQ-optimal control of infinite-dimensional systems by spectral factorization},
	author={Callier, Frank M and Winkin, Joseph},
	journal={Automatica},
	volume={28},
	number={4},
	pages={757--770},
	year={1992},
	publisher={Elsevier}
	%filename:"Callier_Winkin_LQ-optimal control of infinite-dimensional systems by spectral factorization_1992.pdf"
}

@article{tretter2014dichotomous,
	title={Dichotomous Hamiltonians with unbounded entries and solutions of Riccati equations},
	author={Tretter, Christiane and Wyss, Christian},
	journal={Journal of evolution equations},
	volume={14},
	number={1},
	pages={121--153},
	year={2014},
	publisher={Springer}
	%filename:"Tretter-Wyss_Dichotomous Hamiltonians with unbounded entries and solutions of Riccati equations2014.pdf"
}

@article{wyss2011hamiltonians,
	title={Hamiltonians with Riesz bases of generalised eigenvectors and Riccati equations},
	author={Wyss, Christian},
	journal={Indiana University Mathematics Journal},
	pages={1723--1765},
	year={2011},
	publisher={JSTOR}
	%filename:""Wyss_ Hamiltonians with Riesz bases of generalised eigenvectors and Riccati equations.pdf
}

@book{de1974introduction,
	title={Introduction to measure theory},
	author={De Barra, Gearoid},
	year={1974},
	publisher={Van Nostrand Reinhold}
	%filename:"MeasureTheoryBook.pdf"
}

@book{perko2013differential,
	title={Differential equations and dynamical systems},
	author={Perko, Lawrence},
	volume={7},
	year={2013},
	publisher={Springer Science \& Business Media}
	%filename:"Differential Equations_Perko.pdf"
}

@article{zuazua2010switching,
	title={Switching control},
	author={Zuazua, Enrique},
	journal={Journal of the European Mathematical Society},
	volume={13},
	number={1},
	pages={85--117},
	year={2010}
	%filename:"JEMS-2011-013-001-04.pdf"
}

@article{fabre1995approximate,
	title={Approximate controllability of the semilinear heat equation},
	author={Fabre, Caroline and Puel, Jean-Pierre and Zuazua, Enrike},
	journal={Proceedings of the Royal Society of Edinburgh Section A: Mathematics},
	volume={125},
	number={1},
	pages={31--61},
	year={1995},
	publisher={Royal Society of Edinburgh Scotland Foundation}
	%filename:"Approximate_controllability_for_semilinear_heat_eq.pdf"
}

@article{micu2005introduction,
	title={An introduction to the controllability of linear PDE “Contr{\^o}le non lin{\'e}aire et applications”},
	author={Micu, S and Zuazua, E},
	journal={Sari, T., ed., Collection Travaux en Cours Hermann},
	pages={67--150},
	year={2005}
	%filename:"Zuazua-Notes-EECI-2017.pdf"
}

@article{katzourakis2013nonuniqueness,
	title={Nonuniqueness in vector-valued calculus of variations in $ L\^{}$\backslash$infty $ and some Linear elliptic systems},
	author={Katzourakis, Nikos},
	journal={arXiv preprint arXiv:1304.5273},
	year={2013}
	%filename:"Nonuniqueness_in_Vector-Valued_Calculus_of_Variati.pdf"
}

@article{ayanbayev2016pointwise,
	title={A Pointwise Characterisation of the PDE system of vectorial Calculus of variations in L∞},
	author={Ayanbayev, Birzhan and Katzourakis, Nikos},
	journal={Proceedings of the Royal Society of Edinburgh Section A: Mathematics},
	pages={1--17},
	year={2016},
	publisher={Royal Society of Edinburgh Scotland Foundation}
	%filename:"VarCharAffine-Birzhan-Nikos-revised.pdf"
}

@article{katzourakis2018second,
	title={Second-order L∞ variational problems and the∞-polylaplacian},
	author={Katzourakis, Nikos and Pryer, Tristan},
	journal={Advances in calculus of variations},
	year={2018},
	publisher={De Gruyter}
	%filename:"2ndOLIVPIPL-4112016.pdf"
}

@article{brezis1968regularite,
	title={Sur la r{\'e}gularit{\'e} de la solution d'in{\'e}quations elliptiques},
	author={Br{\'e}zis, Ha{\"\i}m and Stampacchia, Guido},
	journal={Bulletin de la Soci{\'e}t{\'e} Math{\'e}matique de France},
	volume={96},
	pages={153--180},
	year={1968}
	%filename:"BSMF_1968__96__153_0.pdf"
}

@article{zhu2017geometric,
	title={Geometric optimal control and applications to aerospace},
	author={Zhu, Jiamin and Tr{\'e}lat, Emmanuel and Cerf, Max},
	journal={Pacific Journal of Mathematics for Industry},
	volume={9},
	number={1},
	pages={8},
	year={2017},
	publisher={SpringerOpen}
	%filename:"Zhu2017_Article_GeometricOptimalControlAndAppl.pdf"
}

@inproceedings{brezis1968equations,
	title={Equations et in{\'e}quations non lin{\'e}aires dans les espaces vectoriels en dualit{\'e}},
	author={Brezis, Ha{\"\i}m},
	booktitle={Annales de l'institut Fourier},
	volume={18},
	number={1},
	pages={115--175},
	year={1968}
	%filename"AIF_1968__18_1_115_0.pdf"
}

@article{chen2015suppression,
	title={Suppression of imbalance vibration in AMB-rotor systems using adaptive frequency estimator},
	author={Chen, Qi and Liu, Gang and Han, Bangcheng},
	journal={IEEE Transactions on Industrial Electronics},
	volume={62},
	number={12},
	pages={7696--7705},
	year={2015},
	publisher={IEEE}
	%filename:"07154466.pdf"
}

@article{FANG20136203,
	title = "Adaptive complete suppression of imbalance vibration in AMB systems using gain phase modifier",
	journal = "Journal of Sound and Vibration",
	volume = "332",
	number = "24",
	pages = "6203 - 6215",
	year = "2013",
	issn = "0022-460X",
	doi = "https://doi.org/10.1016/j.jsv.2013.07.004",
	url = "http://www.sciencedirect.com/science/article/pii/S0022460X1300597X",
	author = "Jiancheng Fang and Xiangbo Xu and Jiqiang Tang and Hu Liu",
	abstract = "Synchronous vibration can be caused by rotor imbalance in high-speed rotors of momentum exchange devices, and the imbalance vibration is the main disturbance for attitude control of spacecrafts. Active magnetic bearing (AMB) is widely used in momentum exchange devices due to its active vibration control ability. To suppress the imbalance vibration completely, an adaptive control approach based on the AMB is proposed. First, dynamics of the AMB rotor with both static imbalance and dynamic imbalance are introduced, and the model of power amplifier is particularly analyzed. Large temperature change range and overpowering cosmic ray will induce considerable errors and variations in parameters of the power amplifier, which has to work in space for about ten years. Therefore, adaptive compensation should be made for these errors and variations. Conditions, on which the imbalance vibration can be completely suppressed, are analyzed, and the results show that these conditions can be satisfied with notch filters and feedforward compensations (FFCs). However, the FFC contains an inverse function of the power amplifier, whose errors and variations can result in gain and phase differences and changes between the output voltage of the controller and the actual output current of the power amplifier. Consequently, the FFC becomes inaccurate, and residual vibration occurs. Finally, a gain phase modifier (GPM) is proposed to form two closed loops to tune the gain and phase of the FFC adaptively and precisely. The effectiveness of the proposed approach has been demonstrated by simulations and experiments. Compared with the existing methods, this method can achieve adaptive complete suppression of the imbalance vibration unaffected by the errors and variations of the power amplifier."
}

@article{matras2006suppression,
	title={Suppression of persistent rotor vibrations using adaptive techniques},
	author={Matras, Alex L and Flowers, George T and Fuentes, Robert and Balas, Mark and Fausz, Jerry},
	journal={Journal of Vibration and Acoustics},
	volume={128},
	number={6},
	pages={682--689},
	year={2006},
	publisher={American Society of Mechanical Engineers}
}

@article{hobson1913fundamental,
	title={On the fundamental lemma of the calculus of variations, and on some related theorems},
	author={Hobson, EW},
	journal={Proceedings of the London Mathematical Society},
	volume={2},
	number={1},
	pages={17--28},
	year={1913},
	publisher={Wiley Online Library}
	%filename:"Hobson, E. W. -- On the Fundamental Lemma of the Calculus of Variations, and on Some Related .pdf"
}

@phdthesis{MLP,
	author		= "Le\'on Contreras, Marta de",
	title		= "Boundedness of fractional elliptic and parabolic operators on Lebesgue and H\"older spaces. A semigroup approach.",
	school		= "Universidad Aut\'onoma de Madrid",
	%address	= "",
	year		= "2019",
	%month		= "",
	%keywords	= "",
	%note		= "",
	%filename:"Tesis Marta de Leon V2.pdf"
}

@article{byrnes1991asymptotic,
	title={Asymptotic stabilization of minimum phase nonlinear systems},
	author={Byrnes, Christopher I and Isidori, Alberto},
	journal={IEEE Transactions on Automatic Control},
	volume={36},
	number={10},
	pages={1122--1137},
	year={1991},
	publisher={IEEE}
	%filename:"Byrnes-Isidori-Asymptotic stabilization of minimum phase nonlinear systems_1991.pdf"
}

@article{teel1992semi,
	title={Semi-global stabilization of minimum phase nonlinear systems in special normal forms},
	author={Teel, Andrew R},
	journal={Systems \& Control Letters},
	volume={19},
	number={3},
	pages={187--192},
	year={1992},
	publisher={Elsevier}
	%filename."Teel_Semi-global stabilization of minimum phase nonlinear systems in special normal forms_1992.pdf"
}

@article{yu2005continuous,
	title={Continuous finite-time control for robotic manipulators with terminal sliding mode},
	author={Yu, Shuanghe and Yu, Xinghuo and Shirinzadeh, Bijan and Man, Zhihong},
	journal={Automatica},
	volume={41},
	number={11},
	pages={1957--1964},
	year={2005},
	publisher={Elsevier}
	%filename:"Continuous Finite-Time Control for Robotic.pdf"
}

@article{mayne2000constrained,
	title={Constrained model predictive control: Stability and optimality},
	author={Mayne, David Q and Rawlings, James B and Rao, Christopher V and Scokaert, Pierre OM},
	journal={Automatica},
	volume={36},
	number={6},
	pages={789--814},
	year={2000},
	publisher={Elsevier}
	%filename:"Constrained model predictive control Stability and optimality.pdf"
}

@article{LI2019135,
	title = "Lyapunov conditions for finite-time stability of time-varying time-delay systems",
	journal = "Automatica",
	volume = "103",
	pages = "135 - 140",
	year = "2019",
	issn = "0005-1098",
	doi = "https://doi.org/10.1016/j.automatica.2019.01.031",
	url = "http://www.sciencedirect.com/science/article/pii/S000510981930038X",
	author = "Xiaodi Li and Xueyan Yang and Shiji Song",
	keywords = "Finite-time stability, Finite-time contractive stability, Lyapunov–Razumikhin method, Time-varying systems, Delay",
	abstract = "In this paper, we develop the Lyapunov–Razumikhin method to finite-time stability (FTS) and finite-time contractive stability (FTCS) of time-delay systems. Several Lyapunov-based sufficient conditions for establishing these FTS properties are obtained. Then the theoretical results are applied to FTS and FTCS for a class of linear time-varying (LTV) time-delay system. The efficiency of the proposed criteria is illustrated by three numerical examples, where a stabilizing memoryless controller for FTCS of a second-order LTV system with time delay is proposed."
	%filename:"10.1016@j.automatica.2019.01.031.pdf"
}

@misc{jeffrey2012method,
	title={Method and system for determining an imbalance of a wind turbine rotor},
	author={Jeffrey, Mike and Melsheimer, Michael and Liersch, Jan},
	year={2012},
	month=sep # "~11",
	publisher={Google Patents},
	note={US Patent 8,261,599}
	%filename:"US8261599.pdf"
}

@book{erjavec2014automotive,
	title={Automotive Technology: A Systems Approach},
	author={Erjavec, J. and Thompson, R.},
	isbn={9781305176423},
	url={https://books.google.es/books?id=nYHAAgAAQBAJ},
	year={2014},
	publisher={Cengage Learning}
	%filaname:"Jack Erjavec - Automotive Technology_ A Systems Approach   (2009, Delmar Cengage Learning).pdf"
}

@article{HASSUI2003855,
	title = "Correlating surface roughness and vibration on plunge cylindrical grinding of steel",
	journal = "International Journal of Machine Tools and Manufacture",
	volume = "43",
	number = "8",
	pages = "855 - 862",
	year = "2003",
	issn = "0890-6955",
	doi = "https://doi.org/10.1016/S0890-6955(03)00049-X",
	url = "http://www.sciencedirect.com/science/article/pii/S089069550300049X",
	author = "A. Hassui and A.E. Diniz",
	keywords = "Grinding, Monitoring, Optimization of grinding process",
	abstract = "Since the wear of a grinding wheel has a direct effect on the workpiece vibration and both have effect on the workpiece quality, the main goal of this work is to study the relation between the process vibration signals and the workpiece quality (mean roughness, circularity and burning) as the grinding wheel gets worn, in an attempt to use these signals to decide the exact moment to dress the wheel. In order to reach this goal, several experiments were carried out in a plunge cylindrical grinding operation of an AISI 52100 quenched and tempered steel, having as input variables the dressing overlap ratio, the spark out time and the workpiece velocity. The output variables were the workpiece surface roughness and circularity and also the process vibration during both, the cutting phase and the spark out phase of the grinding cycle. The main conclusions were: (1) it is possible to have good workpiece quality even with a vibration level much higher than that obtained with a recently dressed wheel; (2) vibration during cutting phase and at the end of complete spark out can be used to monitor the wheel condition at least when high dressing overlap ratio is used; and (3) the decrease in the spark out time makes the vibration at the end of spark out increase a lot, but does not cause such a damage in surface roughness. This fact makes the use of partial spark out feasible in some situations."
}

@article{HOSHI1986231,
	title = "Suppression of Wheel Regenerative Grinding Vibration by Alternating Wheel Speed",
	journal = "CIRP Annals",
	volume = "35",
	number = "1",
	pages = "231 - 234",
	year = "1986",
	issn = "0007-8506",
	doi = "https://doi.org/10.1016/S0007-8506(07)61877-0",
	url = "http://www.sciencedirect.com/science/article/pii/S0007850607618770",
	author = "Tetsutaro Hoshi and Shigeru Matsumoto and Satoshi Mitsui and Osamu Horiuchi and Yousuke Koumoto",
	abstract = "Summary
	To understand the mechanism of vibration suppression effected by alternating the running speed of the grinding wheel in cylindrical plunge grinding operation, theoretical and experimental analyses have been undertaken. Based on the growing process of the vibration observed in grinding tests at constant wheel speed, and referring to the previously proposed theoretical model, the onset and the growth of the grinding vibration are discussed in the present study. Theoretical model predicts that the method of alternating the wheel speed will be associated with two different frequencies of vibration that will appear during the periods of grinding at two pre-selected wheel speeds respectively, and they will be caused by the development of two corresponding series of asperities formed as the result of wheel wear around its surface. Above prediction has been confirmed by the cylindrical plunge grinding experiments. Grinding vibration measured for different ranges of wheel speed variation indicates that the greater range up to ±10 % around the average speed consistently reduces the growth of vibration. Another series of experiments revealed that workpiece surfaces are finished by the alternating wheel speed to better quality in terms of the variation in light reflectivity around the circumference."
}

@article{ZENG1994495,
	title = "Monitoring grinding parameters by vibration signal measurement - a primary application",
	journal = "Minerals Engineering",
	volume = "7",
	number = "4",
	pages = "495 - 501",
	year = "1994",
	issn = "0892-6875",
	doi = "https://doi.org/10.1016/0892-6875(94)90162-7",
	url = "http://www.sciencedirect.com/science/article/pii/0892687594901627",
	author = "Yigen Zeng and E. Forssberg",
	keywords = "Ball grinding, Vibration analysis, Power spectrum estimation, Principal component, Multiple regression",
	abstract = "Grinding plays an important role on energy consumption and subsequent separation stage in a mineral processing plant. To maintain higher grinding efficiency, the operating parameters must be continuously monitored and adjusted close to the setup of the optimal operating conditions. It is difficult and expensive to trace the frequent variations of the grinding parameters by traditional methods in commercial scale operation. Since mechanical grinding emits strong vibration signals, it can be picked up by commercially available instrument in the form of time-domain waveform. The variations of the vibration signals were governed by the changes of the grinding state. A primary application was studied based on industrial scale measurements, where the mechanical vibration was picked up by an accelerometer and acoustic pressure changes by a microphone. The digitised time-domain source signals were processed by digital signal processing technique. The variable grinding parameters were the power draw, the feed rate, the pulp density, and the particle sizes of the mill feed and ground product. By principal component analysis and parameter identification, the variations of the grinding parameters were related to the changes of the source vibration signals. By vibration measurement, a new alternative could be developed for monitoring the operating parameters in grinding."
}

@article{chen1996grinding,
	title={Grinding vibration detection using a neural network},
	author={Chen, X and Rowe, WB and Li, Y and Mills, B},
	journal={Proceedings of the Institution of Mechanical Engineers, Part B: Journal of Engineering Manufacture},
	volume={210},
	number={4},
	pages={349--352},
	year={1996},
	publisher={Sage Publications Sage UK: London, England}
}

@article{starck1983vibration,
	title={Vibration syndrome and vibration in pedestal grinding.},
	author={Starck, J and F{\"a}rkkil{\"a}, M and Aatola, S and Pyykk{\"o}, I and Korhonen, O},
	journal={Occupational and Environmental Medicine},
	volume={40},
	number={4},
	pages={426--433},
	year={1983},
	publisher={BMJ Publishing Group Ltd}
}

@article{CHUNG200331,
	title = "DYNAMIC RESPONSE AND STABILITY ANALYSIS OF AN AUTOMATIC BALL BALANCER FOR A FLEXIBLE ROTOR",
	journal = "Journal of Sound and Vibration",
	volume = "259",
	number = "1",
	pages = "31 - 43",
	year = "2003",
	issn = "0022-460X",
	doi = "https://doi.org/10.1006/jsvi.2002.5137",
	url = "http://www.sciencedirect.com/science/article/pii/S0022460X02951370",
	author = "J. CHUNG and I. JANG",
	abstract = "Dynamic stability and time responses are studied for an automatic ball balancer of a rotor with a flexible shaft. The Stodola–Green rotor model, of which the shaft is flexible, is selected for analysis. This rotor model is able to include the influence of rigid-body rotations due to the shaft flexibility on dynamic responses. Applying Lagrange's equation to the rotor with the ball balancer, the non-linear equations of motion are derived. Based on the linearized equations, the stability of the ball balancer around the balanced equilibrium position is analyzed. On the other hand, the time responses computed from the non-linear equations are investigated. This study shows that the automatic ball balancer can achieve the balancing of a rotor with a flexible shaft if the system parameters of the balancer satisfy the stability conditions for the balanced equilibrium position."
	%filename:"Journal of Sound and Vibration Volume 259 issue 1 2003 [doi 10.1006_jsvi.2002.5137] J. CHUNG; I. JANG -- DYNAMIC RESPONSE AND STABILITY ANALYSIS OF AN AUTOMATIC BALL BALANCER FOR A FLEXIBLE ROTOR.pdf"
}

@article{RAJALINGHAM2006169,
	title = "Complete balancing of a disk mounted on a vertical cantilever shaft using a two ball automatic balancer",
	journal = "Journal of Sound and Vibration",
	volume = "290",
	number = "1",
	pages = "169 - 191",
	year = "2006",
	issn = "0022-460X",
	doi = "https://doi.org/10.1016/j.jsv.2005.03.025",
	url = "http://www.sciencedirect.com/science/article/pii/S0022460X05002543",
	author = "C. Rajalingham and R.B. Bhat",
	abstract = "An automatic balancer is a simple device consisting of several balancing balls, which are guided to move in a circular track. The suitability of a two-ball automatic balancer to balance the residual unbalance in a vertical rotor is investigated. The combined dynamical system consisting of the rotor and the balancer has a balanced steady state together with a set of unbalanced steady states. Under certain conditions, the balls ultimately position themselves so as to balance the system completely. A linearized analysis is initially used to have an insight into the stability of the balanced steady state of the system. Subsequent nonlinear response analysis showed that the scope of the linear analysis is severely limited to predict the stability of balanced steady state. The nonlinear analysis revealed that, under certain conditions, the system ultimately settles down to the balanced steady state and thereby balance the residual unbalance in a vertical rotor completely."
}

@article{CHAO20031289,
	title = "Non-planar dynamic modeling for the optical disk drive spindles equipped with an automatic balancer",
	journal = "Mechanism and Machine Theory",
	volume = "38",
	number = "11",
	pages = "1289 - 1305",
	year = "2003",
	issn = "0094-114X",
	doi = "https://doi.org/10.1016/S0094-114X(03)00078-8",
	url = "http://www.sciencedirect.com/science/article/pii/S0094114X03000788",
	author = "Paul C.P. Chao and Yaw-Der Huang and Cheng-Kuo Sung",
	abstract = "This study presents non-planar dynamic modeling and analysis of the spindle–disk system equipped with an Automatic Ball-type Balancer (ABB) system for optical disk drives. Recent studies have shown that the ABB system owns the capability for reducing radial vibrations of the rotating spindle–disk assembly by counter-acting the inherent imbalance. To extend the analysis to be practical, non-planar dynamic modeling and analysis are conducted in this study to re-affirm the pre-claimed capability of the ABB system. Euler angles are first utilized to formulate potential and kinetic energies. Lagrange’s equations are next applied to derive governing equations of motion. Numerical simulations of non-planar motions are finally carried out to calculate two performance indices, the level of residual radial vibration and the tilting angle of the rotating assembly. It is obtained that the levels of residual vibration as compared to those without the ABB, are significantly reduced. On the other hand, the tilting angle of the rotating assembly can be kept small if the ABB is installed below the inherent imbalance of the spindle–disk system."
}

@article{chao2007nonplanar,
	title={Nonplanar modeling and experimental validation of a spindle--disk system equipped with an automatic balancer system in optical disk drives},
	author={Chao, Paul C-P and Sung, Cheng-Kuo and Wu, Szu-Tuo and Huang, Jeng-Sheng},
	journal={Microsystem Technologies},
	volume={13},
	number={8-10},
	pages={1227--1239},
	year={2007},
	publisher={Springer}
}

@article{KIM2005547,
	title = "Three-dimensional modelling and dynamic analysis of an automatic ball balancer in an optical disk drive",
	journal = "Journal of Sound and Vibration",
	volume = "285",
	number = "3",
	pages = "547 - 569",
	year = "2005",
	issn = "0022-460X",
	doi = "https://doi.org/10.1016/j.jsv.2004.08.016",
	url = "http://www.sciencedirect.com/science/article/pii/S0022460X04006807",
	author = "Wonsuk Kim and Dong-Jin Lee and Jintai Chung",
	abstract = "Dynamic behaviours and stability of an automatic ball balancer (ABB) in an optical disk drive are analyzed based on the proposed three-dimensional dynamic model. For dynamic analysis, the feeding deck with the ball balancer and a spindle motor is modelled as a rigid body with six degrees of freedom. The nonlinear equations of motion are derived using Lagrange's equation in order to describe the translational and rotational motions of the system. From the derived nonlinear equations, the linearized equations of motion in the neighbourhood of a balanced equilibrium position are obtained by the perturbation method. These equations are coupled, linear, differential equations with time-dependent periodic coefficients, from which the stability of the system is analyzed by using the Floquet theory. Finally, the time responses are computed to verify the results of the stability analysis, and to investigate the balancing performance of the ABB."
}

@article{zheng2014optimization,
	title={Optimization of damping compensation for a flexible rotor system with active magnetic bearing considering gyroscopic effect},
	author={Zheng, Shiqiang and Han, Bangcheng and Wang, Yingguang and Zhou, Jinxiang},
	journal={IEEE/ASME Transactions on Mechatronics},
	volume={20},
	number={3},
	pages={1130--1137},
	year={2014},
	publisher={IEEE}
	%filename:"06880318.pdf"
}

@incollection{soner2007stochastic,
	title={Stochastic representations for nonlinear parabolic PDEs},
	author={Soner, H Mete},
	booktitle={Handbook of Differential Equations: Evolutionary Equations},
	volume={3},
	pages={477--526},
	year={2007},
	publisher={Elsevier}
	%filename:"processsi stocastici e PDE.pdf"
}

@article {RIO,
	AUTHOR = {},
	TITLE = {Rotors imbalance suppression by optimal control},
	JOURNAL = {},
	FJOURNAL = {},
	VOLUME = {},
	YEAR = {},
	NUMBER = {},
	PAGES = {},
	ISSN = {},
	MRCLASS = {},
	MRNUMBER = {},
	MRREVIEWER = {},
	DOI = {},
	URL = {},
	note={},
}

























































